1667 2909
0 2890 44 2909 228:

648 652 773 696 VIII.

91 744 280 800 Sulpicia
305 751 367 786 est
390 744 465 787 tibi
491 745 603 787 culta
628 744 724 794 tuis,
751 744 872 785 Mars
896 759 1062 800 magne,
1089 744 1298 787 kalendis:

146 816 380 864 spectatum
406 823 428 849 e
454 808 582 857 caelo,
610 807 644 849 si
670 807 795 862 sapis,
820 807 911 862 ipse
937 808 1046 848 veni.

88 870 167 912 hoc
192 871 340 914 Venus
364 870 573 926 ignoscet:
601 878 642 911 at
667 877 726 919 tu,
752 870 947 920 violente,
975 878 1122 912 caveto

144 949 198 976 ne
223 934 299 976 tibi
324 934 490 981 miranti
515 933 691 989 turpiter
717 948 834 974 arma
859 933 1024 975 cadant.

87 996 198 1039 illius
224 1013 277 1040 ex
301 997 447 1047 oculis,
475 1012 570 1039 cum
597 997 686 1037 vult
711 1011 887 1038 exurere
912 996 1045 1046 divos,

145 1060 333 1102 accendit
359 1060 549 1116 geminas
574 1059 791 1115 lampadas
818 1073 914 1101 acer
942 1060 1085 1101 Amor.

87 1123 215 1174 illam,
241 1123 449 1178 quidquid
473 1123 574 1179 agit,
600 1136 771 1176 quoquo
797 1122 976 1178 vestigia
1000 1122 1143 1172 movit,

145 1187 358 1242 componit
382 1186 526 1228 furtim
551 1185 907 1240 subsequiturque
932 1186 1070 1227 decor.

88 1265 162 1292 seu
188 1250 311 1292 solvit
337 1249 485 1299 crines,
512 1249 618 1290 fusis
645 1249 764 1290 decet
789 1263 880 1290 esse
906 1249 1086 1303 capillis:

143 1329 217 1356 seu
243 1313 433 1368 compsit,
460 1311 638 1367 comptis
664 1320 727 1353 est
752 1312 993 1353 veneranda
1019 1312 1162 1353 comis.

86 1376 181 1425 urit,
207 1391 282 1418 seu
307 1376 439 1431 Tyria
463 1375 597 1417 voluit
621 1375 848 1430 procedere
875 1375 1006 1430 palla:

143 1440 238 1489 urit,
264 1454 338 1481 seu
362 1439 486 1481 nivea
511 1438 690 1480 candida
715 1446 831 1479 veste
857 1438 985 1479 venit.

87 1503 181 1544 talis
205 1502 247 1543 in
274 1510 443 1544 aeterno
468 1501 570 1543 felix
596 1501 856 1544 Vertumnus
884 1500 1072 1556 Olympo

142 1565 255 1607 mille
279 1565 406 1606 habet
432 1573 616 1614 ornatus,
642 1563 754 1605 mille
781 1564 978 1605 decenter
1002 1563 1141 1606 habet.

86 1628 174 1670 sola
198 1627 432 1684 puellarum
458 1627 587 1683 digna
612 1634 686 1675 est,
713 1626 780 1668 cui
805 1625 948 1668 mollia
973 1626 1079 1667 caris

142 1691 297 1732 vellera
322 1690 391 1733 det
417 1691 528 1732 sucis
553 1690 617 1731 bis
642 1689 880 1731 madefacta
905 1689 1057 1744 Tyros,

83 1754 393 1810 possideatque,
420 1753 538 1795 metit
563 1752 770 1807 quidquid
796 1753 904 1794 bene
929 1752 1139 1794 olentibus
1165 1753 1275 1793 arvis

141 1817 276 1859 cultor
299 1816 497 1858 odoratae
523 1816 640 1858 dives
665 1815 807 1857 Arabs
834 1815 988 1870 segetis

84 1886 126 1922 et
149 1893 437 1934 quascumque
462 1879 582 1934 niger
606 1878 733 1920 rubro
759 1879 811 1920 de
836 1878 957 1920 litore
982 1892 1171 1933 gemmas

139 1942 354 1998 proximus
380 1942 466 1984 eois
492 1941 651 1997 colligit
675 1941 808 1982 Indus
835 1940 968 1995 aquis.

84 2005 193 2047 hanc
217 2019 306 2054 vos,
331 2005 537 2054 Pierides,
563 2004 681 2046 festis
708 2011 873 2045 cantate
899 2003 1102 2053 kalendis,

142 2076 181 2110 et
206 2068 444 2110 testudinea
467 2067 642 2109 Phoebe
667 2067 846 2122 superbe
872 2067 975 2121 lyra.

83 2130 162 2172 hoc
188 2131 390 2172 sollemne
416 2145 581 2172 sacrum
607 2131 761 2171 multos
788 2129 892 2171 haec
918 2137 1055 2170 sumat
1079 2129 1122 2170 in
1148 2144 1298 2170 annos:

141 2193 306 2250 dignior
336 2201 399 2236 est
424 2201 565 2236 vestro
589 2193 705 2234 nulla
729 2193 869 2248 puella
894 2192 1035 2234 choro.

659 2419 742 2462 IX.

83 2506 219 2548 Parce
244 2520 338 2547 meo
364 2505 518 2555 iuveni,
546 2521 619 2548 seu
645 2506 739 2560 quis
765 2505 876 2546 bona
901 2518 1057 2559 pascua
1083 2505 1221 2559 campi

143 2584 216 2610 seu
243 2568 343 2610 colis
369 2569 556 2609 umbrosi
582 2569 705 2611 devia
734 2568 887 2609 montis
914 2582 1026 2622 aper,

85 2645 163 2673 nec
188 2631 264 2672 tibi
290 2631 340 2672 sit
367 2631 491 2672 duros
518 2631 679 2673 acuisse
704 2631 746 2672 in
772 2630 931 2685 proelia
956 2629 1121 2670 dentes:

139 2694 391 2736 incolumem
417 2702 557 2737 custos
582 2694 694 2736 hunc
719 2693 821 2735 mihi
847 2702 984 2735 servet
1010 2693 1157 2733 Amor.

1115 2757 1161 2791 4⁸

1401 668 1490 704 1V2

1423 1322 1466 1355 10

1421 1638 1464 1671 15

1396 2431 1450 2465 IV
1463 2431 1484 2464 3
