1715 2844
345 84 402 126 44
975 92 1076 128 ΠΙ6

275 182 321 216 ‘25
345 176 419 218 sed
443 175 589 231 procul
613 190 638 217 a
661 174 783 216 nobis
810 174 876 216 hic
901 175 953 215 sit
977 175 1113 225 timor,
1139 175 1305 230 illaque,
1332 176 1367 218 si
1392 191 1475 231 qua
1498 184 1574 226 est,

400 238 501 292 quid
526 238 664 279 valeat
687 238 791 279 laesi
817 237 968 279 sentiat
991 238 1053 279 ira
1078 238 1157 280 dei.

344 302 445 356 quid
470 316 616 356 precor
641 317 666 342 a
690 301 886 342 demens?
910 301 1024 342 venti
1049 301 1268 342 temeraria
1294 309 1403 352 vota,

400 365 537 406 aeriae
565 372 606 405 et
630 364 765 405 nubes
791 363 1025 418 diripienda
1050 364 1198 406 ferant.

342 428 533 481 quamvis
559 427 675 468 nulla
699 426 782 468 mei
807 435 997 482 superest
1022 427 1096 467 tibi
1122 442 1233 477 cura,
1259 427 1436 477 Neaera,

273 496 318 529 30
400 491 455 531 sis
481 489 595 539 felix,
622 497 663 530 et
689 489 771 530 sint
796 489 974 530 candida
998 490 1084 530 fata
1110 497 1191 531 tua.

341 560 383 594 at
406 567 483 594 nos
511 567 681 594 securae
707 552 931 593 reddamus
957 559 1146 608 tempora
1170 567 1357 594 mensae:

398 616 511 657 venit
538 622 633 670 post
658 615 812 656 multos
837 630 922 656 una
948 629 1094 656 serena
1119 615 1218 656 dies.

342 678 380 720 ei
406 678 521 727 mihi,
549 678 720 719 difficile
745 685 808 719 est
831 677 984 718 imitari
1008 677 1164 733 gaudia
1188 678 1306 727 falsa,

397 741 566 783 difficile
592 749 654 782 est
678 740 784 782 tristi
808 741 966 796 fingere
990 748 1131 783 mente
1155 741 1307 791 iocum,

270 815 314 849 35
339 819 418 846 nec
444 805 551 846 bene
575 804 770 845 mendaci
794 804 901 845 risus
933 804 1195 859 componitur
1220 818 1304 853 ore,

394 882 472 909 nec
497 867 605 908 bene
633 866 818 908 sollicitis
844 866 960 908 ebria
985 867 1114 908 verba
1139 874 1301 908 sonant.

340 930 441 984 quid
466 945 616 984 queror
640 929 812 971 infelix?
838 936 979 984 turpes
1006 929 1205 971 discedite
1231 944 1372 971 curae:

397 993 483 1034 odit
509 992 706 1034 Lenaeus
732 992 866 1033 tristia
891 992 1022 1034 verba
1046 999 1177 1047 pater.

340 1055 515 1105 Gnosia,
541 1055 732 1097 Theseae
757 1055 970 1109 quondam
996 1055 1180 1110 periuria
1203 1055 1373 1111 linguae

268 1129 314 1164 40
396 1119 548 1160 flevisti
572 1119 716 1174 ignoto
743 1119 831 1159 sola
855 1119 1000 1159 relicta
1023 1118 1147 1159 mari:

340 1182 397 1223 sic
423 1181 571 1223 cecinit
597 1196 672 1237 pro
697 1188 738 1222 te
764 1181 924 1230 doetus,
950 1181 1101 1231 Minoi,
1129 1179 1321 1222 Catullus

394 1245 548 1300 ingrati
574 1244 760 1286 referens
785 1244 913 1299 impia
937 1244 1049 1286 faeta
1073 1243 1164 1285 viri.

339 1323 414 1350 vos
439 1323 519 1364 ego
544 1323 657 1348 nunc
681 1322 851 1349 moneo:
878 1307 993 1357 felix,
1020 1307 1275 1361 quicumque
1301 1306 1441 1348 dolore

395 1371 566 1413 alterius
593 1371 728 1412 disces
754 1385 877 1425 posse
902 1385 1051 1412 cavere
1077 1377 1163 1412 tuo.

270 1444 315 1478 45
339 1449 417 1477 nec
442 1449 516 1475 vos
543 1442 613 1475 aut
640 1434 807 1489 capiant
832 1433 1058 1488 pendentia
1082 1432 1279 1474 bracchia
1304 1432 1409 1474 collo

396 1505 466 1538 aut
491 1497 608 1538 fallat
633 1497 788 1537 blanda
813 1497 982 1538 sordida
1006 1496 1150 1551 lingua
1174 1510 1310 1550 prece.

338 1561 416 1602 etsi
441 1575 599 1615 perque
626 1575 722 1601 suos
748 1559 877 1600 fallax
902 1559 1054 1600 iuravit
1080 1559 1232 1600 ocellos

396 1624 687 1677 Iunonemque
714 1638 833 1664 suam
859 1637 1017 1677 perque
1043 1637 1162 1663 suam
1188 1622 1412 1671 Venerem,

337 1687 453 1728 nulla
477 1687 582 1727 fides
607 1686 749 1728 inerit:
775 1685 958 1741 periuria
981 1685 1088 1726 ridet
1113 1691 1329 1726 amantum

269 1759 313 1794 50
394 1749 586 1805 Iuppiter
611 1757 650 1791 et
676 1757 822 1791 ventos
847 1748 963 1789 irrita
986 1748 1095 1790 ferre
1120 1748 1245 1789 iubet.

340 1828 440 1868 ergo
465 1812 567 1867 quid
591 1812 742 1854 totiens
768 1811 929 1853 fallacis
955 1811 1083 1853 verba
1107 1811 1272 1866 puellae

395 1876 653 1930 conqueror?
677 1875 732 1917 ite
759 1891 783 1916 a
807 1890 887 1924 me,
915 1874 1021 1916 seria
1046 1874 1187 1923 verba,
1214 1887 1372 1928 precor.

337 1954 465 1994 quam
490 1940 641 1980 vellem
667 1946 806 1980 tecum
831 1939 979 1993 longas
1004 1937 1267 1992 requiescere
1291 1943 1433 1977 noctes

396 2010 436 2043 et
462 2010 601 2044 tecum
626 2003 774 2057 longos
801 2001 1050 2057 pervigilare
1076 2000 1178 2050 dies,

269 2076 313 2111 55
338 2066 497 2121 perfida
521 2081 599 2107 nec
623 2065 772 2107 merito
798 2064 918 2105 nobis
945 2064 1112 2105 inimica
1136 2062 1325 2112 merenti,

394 2129 567 2183 perfida,
594 2128 681 2177 sed,
708 2128 901 2181 quamvis
926 2127 1099 2185 perfida,
1126 2141 1221 2168 cara
1245 2123 1405 2166 tamen!

337 2192 475 2232 Naida
500 2192 695 2232 Bacchus
721 2198 851 2231 amat:
879 2205 1029 2240 cessas,
1056 2204 1080 2231 o
1105 2189 1217 2231 lente
1244 2187 1455 2229 minister?

393 2261 596 2309 temperet
621 2268 827 2294 annosum
852 2253 1016 2293 Marcia
1040 2252 1212 2306 lympha
1235 2265 1409 2291 merum.

336 2332 420 2358 non
447 2331 539 2371 ego,
567 2317 598 2357 si
625 2316 734 2371 fugit
759 2322 925 2356 nostrae
952 2315 1144 2356 convivia
1168 2328 1336 2355 mensae

268 2391 312 2425 (30
393 2380 582 2434 ignotum
609 2379 784 2434 cupiens
811 2394 919 2419 vana
943 2378 1084 2432 puella
1110 2386 1260 2426 torum,

335 2443 536 2484 sollicitus
561 2450 750 2497 repetam
777 2449 864 2482 tota
889 2441 1067 2495 suspiria
1091 2447 1225 2481 nocte.

391 2513 436 2546 tu
462 2520 566 2560 puer
593 2505 619 2554 i,
647 2505 852 2558 liquidum
879 2504 1026 2545 fortius
1053 2503 1160 2544 addc
1185 2517 1361 2544 merum.

335 2569 417 2610 iarn
443 2569 605 2609 dudum
632 2567 755 2622 Syrio
782 2567 1044 2609 madefactus
1070 2573 1259 2620 tempora
1283 2565 1413 2607 nardo

393 2631 620 2674 debueram
648 2631 766 2673 sertis
792 2630 1047 2685 implicuisse
1073 2644 1225 2670 comas.
