1667 2909
0 2768 18 2790 ,Ἰ

0 2792 42 2909 l

667 178 788 214 11.2

54 256 139 300 iam
162 258 360 315 subrepet
384 260 493 303 iners
519 268 646 309 aetas,
671 275 749 302 nec
773 274 914 301 amare
939 259 1116 308 decebit,

112 321 249 364 dicere
272 338 351 365 nec
375 338 479 366 cano
505 323 728 365 blanditias
753 323 898 378 capite.

54 398 168 426 nunc
191 385 293 427 levis
318 394 380 428 est
403 385 620 427 tractanda
644 386 803 435 Venus,
829 386 930 426 dum
954 384 1149 440 frangere
1174 392 1314 440 postes

110 462 195 489 non
220 448 350 504 pudet
374 456 414 490 et
437 448 548 490 rixas
574 448 797 490 inseruisse
821 449 950 490 iuvat.

55 509 123 551 hic
147 525 227 567 ego
252 511 337 552 dux
360 511 564 566 milesque
590 512 743 553 bonus:
771 526 859 561 vos,
886 511 1007 566 signa
1031 511 1255 565 tubaeque,

111 572 168 615 ite
191 574 350 629 procul,
376 574 538 630 cupidis
562 575 736 617 vulnera
759 574 864 616 ferte
889 575 1007 616 viris:

55 635 160 678 ferte
185 646 225 678 et
249 651 366 692 opes:
393 652 472 694 ego
498 638 729 694 composito
755 653 925 680 securus
951 651 1100 680 acervo

112 698 340 755 despiciam
364 700 470 743 dites
496 700 807 757 despiciamque
833 702 1000 743 famem.

695 930 756 973 H.

55 1013 181 1056 Adde
205 1029 366 1057 merum
391 1014 573 1070 vinoque
597 1030 729 1058 novos
755 1031 972 1072 compesce
999 1016 1177 1065 dolores,

111 1086 288 1133 occupet
310 1086 358 1119 ut
380 1078 480 1121 fessi
503 1079 662 1121 lumina
685 1080 796 1121 victa
821 1095 961 1135 sopor:

54 1155 138 1182 neu
162 1141 384 1196 quisquam
407 1142 539 1183 multo
563 1157 808 1197 percussum
833 1152 1022 1198 tempora
1047 1141 1216 1184 Baccho

112 1203 275 1254 excitet,
300 1204 446 1246 infelix
470 1205 570 1246 dum
595 1205 817 1259 requiescit
843 1221 971 1247 amor.

54 1281 152 1307 nam
176 1266 310 1321 posita
334 1275 395 1309 est
419 1276 585 1309 nostrae
611 1269 800 1310 custodia
825 1284 952 1311 saeva
976 1268 1155 1324 puellae,

113 1329 319 1371 clauditur
344 1338 383 1372 et
409 1330 513 1371 dura
537 1331 664 1372 ianua
687 1332 807 1373 firma
833 1347 936 1373 sera.

54 1391 181 1434 ianua
205 1392 385 1434 difficilis
411 1393 582 1443 domini,
607 1402 647 1435 te
672 1394 863 1437 verberet
888 1394 1035 1443 imber,

111 1463 152 1498 te
176 1456 289 1512 Iovis
313 1455 486 1512 imperio
511 1457 688 1498 fulmina
711 1458 838 1499 missa
862 1466 1018 1513 petant.

54 1518 193 1568 ianua,
217 1519 300 1560 iam
324 1527 467 1574 pateas
492 1520 565 1561 uni
588 1520 703 1570 mihi,
730 1521 839 1562 victa
863 1520 1057 1575 querelis,

112 1596 195 1623 neu
219 1581 363 1623 furtim
387 1597 507 1624 verso
534 1583 703 1625 cardine
729 1592 873 1639 aperta
899 1599 1034 1625 sones.

56 1652 97 1686 et
121 1644 231 1686 mala
255 1644 290 1686 si
314 1659 398 1699 qua
422 1645 499 1686 tibi
524 1645 627 1687 dixit
653 1646 863 1688 dementia
886 1655 1041 1695 nostra,

111 1707 324 1764 ignoscas:
350 1707 476 1763 capiti
501 1708 583 1750 sint
606 1724 754 1764 precor
777 1710 848 1750 illa
872 1724 978 1751 meo.

56 1777 97 1813 te
121 1770 357 1813 meminisse
382 1771 513 1820 decet,
539 1785 647 1825 quae
671 1772 851 1827 plurima
874 1786 976 1814 voce
1002 1771 1145 1827 peregi

113 1833 315 1889 supplice,
341 1848 436 1875 cum
461 1835 570 1889 posti
594 1834 741 1876 florida
766 1844 876 1877 serta
901 1836 1056 1876 darem.

56 1904 104 1938 tu
125 1910 293 1951 quoque
317 1911 370 1938 ne
394 1896 538 1938 timide
563 1897 769 1947 custodes,
794 1897 934 1947 Delia,
959 1898 1069 1938 falle.

113 1959 351 2001 audendum
376 1967 456 2001 est:
482 1959 611 2002 fortes
636 1960 805 2002 adiuvat
829 1961 920 2016 ipsa
944 1960 1103 2002 Venus.

56 2022 128 2064 illa
151 2022 278 2071 favet,
304 2037 378 2064 seu
402 2022 495 2077 quis
519 2022 682 2065 iuvenis
707 2038 816 2065 nova
840 2023 984 2066 limina
1008 2029 1195 2078 temptat,

114 2100 188 2128 seu
211 2095 366 2128 reserat
391 2085 474 2127 fixo
500 2086 622 2128 dente
647 2087 788 2142 puella
811 2087 940 2129 fores:

57 2148 127 2191 illa
151 2148 271 2191 docet
294 2148 577 2190 molli'furtim
602 2149 800 2205 derepere
824 2150 945 2199 lecto,

112 2211 184 2253 illa
206 2211 357 2267 pedem
380 2211 495 2253 nullo
519 2226 674 2267 ponere
699 2228 823 2268 posse
849 2227 964 2263 sono,

57 2274 129 2316 illa
152 2274 240 2315 viro
266 2288 405 2316 coram
429 2282 555 2316 nutus
580 2275 768 2318 conferre
792 2277 988 2330 loquaces

114 2336 350 2390 blandaque
375 2337 613 2392 compositis
638 2338 791 2381 abdere
816 2339 943 2381 verba
968 2337 1087 2379 notis.

58 2413 136 2441 nec
159 2398 281 2441 docet
305 2398 383 2440 hoc
408 2414 566 2450 omnes,
592 2401 665 2442 sed
690 2415 795 2455 quos
820 2416 897 2443 nec
921 2400 1069 2442 inertia
1094 2399 1230 2441 tardat

114 2475 192 2503 nec
215 2468 327 2503 vetat
351 2461 528 2504 obscura
553 2478 724 2519 surgere
747 2473 869 2506 nocte
895 2465 1029 2505 timor.

60 2537 112 2566 en
136 2537 215 2580 ego
239 2537 335 2565 cum
358 2524 540 2566 tenebris
565 2533 651 2568 tota
675 2541 806 2583 vagor
831 2527 978 2568 anxius
1002 2526 1120 2575 urbe,

60 2662 139 2692 nec
162 2648 259 2690 sinit
283 2656 472 2691 occurrat
495 2650 730 2705 quisquam,
756 2652 829 2706 qui
854 2666 1027 2707 corpora
1051 2651 1161 2694 ferro

118 2710 307 2754 vulneret
331 2719 403 2753 aut
425 2721 543 2767 rapta
567 2714 753 2768 praemia
777 2724 891 2756 veste
916 2723 1042 2770 petat.

1458 1275 1480 1309 Οἵ

1438 1593 1481 1627 10

1438 1910 1481 1944 15

1435 2224 1480 2259 20

1436 2539 1480 2573 25

1436 2664 1502 2700 525³
