1667 2909
662 151 829 187 PRIAP.
854 153 878 188 2

205 231 305 275 licet
329 247 524 288 querare:
551 249 629 276 nec
653 235 729 276 tibi
753 242 871 276 tener
894 249 999 290 puer

205 295 365 351 patebit
389 296 511 345 ullus,
537 296 779 339 imminente
804 297 876 350 qui
901 306 991 338 toro

205 357 375 400 iuvante
400 367 535 400 verset
561 367 647 401 arte
671 359 870 401 mobilem
895 367 1049 409 natem,

204 421 344 476 puella
367 436 444 463 nec
468 421 607 463 iocosa
631 430 672 463 te
695 422 778 464 levi
802 437 931 463 manu

205 482 364 526 fovebit
388 484 647 539 apprimetve
672 485 858 526 lucidum
882 485 1031 526 femur.

204 545 352 597 bidens
378 547 512 589 amica
536 547 707 589 Romuli
732 548 842 589 senis
867 562 1027 589 memor

203 617 386 664 paratur,
412 609 520 652 inter
545 618 635 652 atra
660 611 777 652 cuius
802 611 975 666 inguina

203 671 305 714 latet
329 672 489 715 iacente
514 673 679 729 pantice
705 674 873 715 abditus
899 688 1047 729 specus

204 749 397 791 vagaque
422 737 530 792 pelle
554 745 702 784 tectus,
730 751 869 778 annuo
901 737 1000 792 gelu

205 812 431 840 araneosus
456 799 619 841 obsidet
644 799 776 841 forem
803 799 919 841 situs.

205 860 281 902 tibi
306 861 407 903 haec
432 874 616 917 paratur,
642 870 689 904 ut
713 871 833 904 tuum
858 871 920 904 ter
946 870 1018 903 aut
1042 869 1190 916 quater

204 932 321 966 voret
345 924 554 980 profunda
578 926 691 966 fossa
715 925 924 967 lubricum
950 933 1088 980 caput.

204 985 345 1028 licebit
369 1002 495 1043 aeger
519 1003 658 1044 angue
682 988 832 1030 lentior
858 988 999 1036 cubes,

205 1050 349 1092 tereris
374 1065 520 1106 usque,
547 1051 680 1093 donec
705 1068 729 1092 a
752 1051 879 1093 miser
903 1051 1028 1092 miser

204 1112 442 1168 triplexque
467 1114 816 1169 quadruplexque
843 1114 1054 1170 compleas
1080 1129 1264 1169 specum.

204 1177 402 1232 superbia
425 1177 506 1218 ista
530 1177 714 1233 proderit
738 1177 854 1227 nihil,
881 1178 1005 1219 simul

205 1253 363 1295 vagum
387 1249 561 1282 sonante
587 1241 778 1282 merseris
804 1241 893 1282 luto
921 1248 1060 1295 caput.

205 1303 308 1356 quid
333 1311 408 1352 est,
432 1303 567 1345 iners?
603 1304 774 1359 pigetne
798 1303 1084 1345 lentitudinis?

203 1365 345 1407 licebit
369 1365 448 1408 hoc
471 1366 629 1407 inultus
657 1366 823 1408 auferas
850 1366 998 1408 semel:

204 1427 278 1469 sed
301 1428 370 1470 ille
395 1443 491 1470 cum
515 1429 668 1470 redibit
694 1444 844 1471 aureus
871 1444 987 1484 puer,

205 1491 328 1532 simul
354 1499 527 1533 sonante
552 1492 730 1533 senseris
755 1492 834 1533 iter
859 1492 978 1546 pede,

203 1553 366 1609 rigente
390 1569 544 1596 nervus
571 1555 749 1597 excubet
775 1555 963 1596 lubidine

205 1625 246 1658 et
269 1617 480 1671 inquietus
504 1617 680 1672 inguina
705 1617 860 1673 arrigat
886 1626 1023 1658 tumor

206 1694 343 1734 neque
368 1680 541 1722 incitare
567 1691 699 1722 cesset
725 1695 858 1734 usque
886 1681 986 1721 dum
1012 1679 1111 1720 mihi

203 1742 350 1785 Venus
376 1743 517 1785 iocosa
540 1744 666 1785 molle
690 1743 848 1799 ruperit
874 1744 994 1784 latus.

1395 142 1452 184 59

1476 488 1522 523 25

1476 802 1522 837 30

1476 1429 1521 1465 40

1475 1744 1521 1779 45
