1715 2844
264 146 318 188 14
881 155 998 191 15.6

263 245 305 280 at
330 245 376 279 tu
400 252 527 292 quam
550 237 730 293 primum
756 253 883 294 sagae
908 244 1131 293 praecepta
1156 236 1317 292 rapacis

194 313 240 348 60
321 302 484 344 desere:
509 317 606 342 nam
633 301 751 342 donis
777 301 956 342 vincitur
980 300 1113 342 omnis
1140 315 1268 342 amor.

262 380 423 420 pauper
448 365 525 406 erit
549 372 714 420 praesto
740 380 902 419 semper
926 365 1020 405 tibi:
1046 379 1206 419 pauper
1229 362 1360 405 adibit

320 428 480 484 primus
505 435 545 469 et
569 428 611 468 in
637 435 779 469 tenero
804 428 912 469 fixus
937 428 1014 469 erit
1037 428 1184 469 latere:

264 506 424 547 pauper
447 491 490 531 in
515 498 693 545 angusto
718 490 826 531 fidus
852 505 991 532 comes
1017 491 1182 546 agmine
1207 490 1354 531 turbae

322 553 584 608 subicietque
609 569 757 594 manus
783 553 1019 607 efficietque
1044 554 1174 595 viam:

196 629 240 664 65
264 633 425 673 pauper
450 617 502 658 ad
528 617 713 658 occultos
738 617 881 658 furtim
907 617 1086 658 deducet
1111 615 1265 658 amicos

321 681 543 734 vinclaque
569 680 621 721 de
645 680 767 721 niveo
793 680 983 722 detrahet
1006 680 1095 735 ipse
1120 679 1239 734 pede.

265 744 348 786 heu
374 744 562 785 canimus
587 743 755 792 frustra,
779 757 857 784 nec
882 742 1018 784 verbis
1043 743 1153 783 victa
1177 741 1351 797 patescit

321 807 460 856 ianua,
487 806 561 848 sed
585 807 710 861 plena
734 814 795 847 est
819 805 1091 861 percutienda
1115 820 1255 846 manu.

267 877 309 912 at
333 877 392 919 tu,
418 869 490 924 qui
514 869 651 924 potior
674 884 787 910 nunc
811 884 868 918 es,
894 884 989 910 mea
1012 868 1100 910 fata
1124 868 1287 910 timeto:

198 946 241 980 70
323 941 515 975 versatur
539 932 663 974 celeri
688 932 793 973 Fors
819 932 922 973 levis
948 931 1049 974 orbe
1074 938 1203 972 rotae.

265 1011 349 1038 non
374 996 530 1037 frustra
554 995 725 1050 quidam
750 995 835 1036 iam
859 1009 972 1036 nune
996 995 1038 1036 in
1063 994 1204 1036 limine
1229 999 1386 1049 perstat

323 1059 493 1101 sedulus
520 1073 568 1100 ac
593 1058 738 1100 crebro
764 1057 961 1113 prospicit
987 1071 1035 1099 ac
1059 1056 1228 1112 refugit,

267 1130 307 1165 et
330 1122 497 1163 simulat
521 1121 696 1163 transire
721 1121 905 1170 domum,
931 1134 1029 1161 mox
1053 1120 1203 1162 deinde
1226 1118 1399 1161 recurrit

324 1187 436 1228 solus
462 1193 503 1227 et
527 1192 622 1227 ante
647 1185 758 1240 ipsas
784 1191 973 1226 exscreat
996 1198 1129 1238 usque
1154 1177 1276 1224 fores‘.

199 1262 243 1297 75
267 1250 406 1292 nescio
431 1249 535 1304 quid
558 1248 738 1290 furtivus
765 1263 881 1289 amor
905 1254 1036 1303 parat.
1086 1254 1202 1288 utere
1229 1260 1399 1300 quaeso,

326 1313 424 1354 dum
449 1313 564 1355 licet:
590 1312 633 1353 in
656 1311 816 1365 liquida
840 1319 911 1352 nat
935 1310 1010 1352 tibi
1034 1310 1157 1352 linter
1181 1324 1302 1364 aqua.

908 1539 986 1583 VI.

270 1629 460 1684 Semper,
485 1634 532 1669 ut
555 1627 742 1677 inducar,
769 1626 946 1668 blandos
971 1625 1096 1667 offers
1121 1624 1223 1666 mihi
1247 1625 1399 1674 vultus,

326 1699 420 1747 post
444 1698 586 1733 tamen
611 1706 654 1732 es
680 1690 830 1732 misero
855 1689 983 1731 tristis
1008 1697 1049 1731 et
1076 1703 1210 1743 asper,
1236 1688 1383 1729 Amor.

271 1756 372 1810 quid
396 1755 471 1796 tibi
496 1754 695 1797 saevitiae
720 1768 884 1796 mecum
910 1753 996 1794 est?
1022 1768 1075 1793 an
1100 1751 1233 1807 gloria
1256 1766 1411 1806 magna
1435 1757 1497 1792 est

326 1819 498 1860 insidias
524 1817 682 1859 homini
707 1816 991 1872 composuisse
1017 1815 1168 1857 deum?

224 1895 246 1929 5
269 1898 367 1924 nam
391 1882 493 1923 mihi
517 1881 747 1923 tenduntur
772 1894 928 1922 casses:
955 1879 1038 1920 iam
1062 1877 1189 1920 Delia
1213 1877 1356 1919 furtim

327 1945 468 1987 nescio
494 1959 620 1999 quem
645 1944 771 1986 tacita
796 1943 946 1985 callida
969 1949 1091 1983 nocte
1116 1941 1242 1983 fovet.

270 2009 341 2050 illa
365 2008 535 2063 quidem
558 2008 659 2049 mihi
682 2015 821 2048 cuncta
844 2013 984 2061 negat,
1010 2005 1085 2047 sed
1109 2004 1276 2046 credere
1302 2002 1451 2044 durum
1477 2010 1557 2045 est:

328 2071 387 2113 sic
412 2071 537 2113 etiam
563 2070 614 2112 de
640 2085 706 2112 me
731 2075 934 2125 pernegat
958 2082 1092 2121 usque
1117 2067 1218 2108 viro.

271 2135 360 2190 ipse
385 2134 511 2175 miser
535 2133 672 2183 docui,
698 2147 781 2187 quo
806 2138 946 2187 posset
970 2131 1113 2172 ludere
1138 2136 1260 2185 pacto

205 2210 248 2244 10
329 2197 539 2239 custodes:
566 2197 648 2238 heu
673 2196 756 2238 heu
781 2210 892 2237 nune
917 2208 1084 2250 premor
1108 2200 1195 2234 arte
1220 2206 1325 2233 mea.

271 2261 429 2316 fingere
454 2267 555 2302 ωηο
579 2258 723 2301 didicit
747 2273 907 2308 causas,
933 2264 980 2298 ut
1004 2257 1092 2298 sola
1116 2255 1301 2305 cubaret,

329 2323 497 2366 cardine
523 2331 622 2364 tunc
647 2322 772 2364 tacito
797 2329 957 2363 vertere
982 2334 1104 2375 posse
1129 2319 1259 2359 fores:

272 2395 372 2428 tunc
397 2401 519 2428 sucos
544 2386 780 2439 herbasque
806 2384 914 2433 dedi,
941 2383 1032 2437 quis
1057 2382 1162 2423 livor
1186 2381 1331 2431 abiret,

328 2464 452 2504 quem
479 2449 579 2491 facit
604 2449 805 2504 impresso
831 2453 977 2488 mutua
1002 2446 1124 2487 dente
1150 2445 1309 2487 Venus.

203 2523 248 2558 15
272 2520 313 2554 at
337 2520 396 2563 tu,
422 2512 582 2554 fallacis
609 2511 788 2553 coniunx
813 2511 978 2551 incaute
1004 2508 1180 2563 puellae,

329 2591 396 2617 me
421 2590 589 2629 quoque
614 2581 791 2622 servato,
817 2578 961 2628 peccet
987 2578 1032 2612 ut
1056 2571 1126 2611 illa
1150 2569 1264 2611 nihil.

273 2653 354 2680 neu
379 2639 550 2680 iuvenes
577 2637 758 2679 celebret
782 2635 913 2677 multo
940 2648 1142 2683 sermone,
1169 2639 1328 2683 caveto,

328 2716 434 2744 neve
460 2701 584 2744 cubet
608 2701 703 2743 laxo
728 2706 873 2754 pectus
900 2704 1044 2753 aperta
1068 2696 1174 2745 sinu,
