1715 2844
271 55 329 97 30
887 59 926 95 H
948 59 1023 95 3.4

271 161 296 187 o
321 145 490 188 valeant
514 143 673 200 fruges,
698 158 752 185 ne
778 143 860 185 sint
883 142 1009 184 modo
1034 156 1129 183 rure
1153 141 1338 197 puellaez

327 208 447 264 glans
474 207 570 256 alat,
597 213 637 248 et
661 206 799 262 prisco
825 221 940 247 more
965 205 1165 246 bibantur
1189 218 1337 258 aquae.

270 271 392 328 glans
418 269 521 312 aluit
545 276 720 319 veteres,
747 276 788 311 et
812 268 969 324 passim
994 282 1159 323 semper
1183 271 1395 308 amarunt:

203 343 247 379 70
329 333 432 389 quid
456 333 598 374 nocuit
625 332 763 374 sulcos
788 346 874 373 non
898 331 1096 373 habuisse
1122 330 1260 371 satos?

270 405 384 447 tunc,
411 397 564 451 quibus
589 395 802 451 aspirabat
826 395 975 445 Amor,
1000 393 1230 450 praebebat
1255 397 1397 448 aperte

327 461 438 502 mitis
464 460 507 501 in
531 459 733 500 umbrosa
757 458 913 514 gaudia
937 457 1046 499 valle
1072 457 1232 500 Venus,

271 525 411 567 nullus
437 530 527 566 erat
553 529 707 571 custos,
731 521 849 563 nulla
875 521 1098 563 exclusura
1122 520 1311 561 dolentes

329 588 474 630 ianua:
500 585 535 628 si
560 585 625 628 fas
650 592 726 636 est,
752 598 842 627 mos
868 599 1016 640 precor
1039 584 1109 626 ille
1134 583 1236 625 redi.

202 654 247 690 75

328 714 498 757 horrida
521 713 668 755 villosa
692 726 867 768 corpora
891 718 1007 753 veste
1032 717 1190 766 tegant.

270 794 384 821 nunc
410 778 445 820 si
471 777 614 820 clausa
639 792 734 818 mea
759 783 834 826 est,
861 775 896 816 si
927 774 1048 829 copia
1072 789 1168 815 rara
1191 771 1375 821 videndi,

327 842 411 884 heu
436 840 650 890 miserum,
676 840 819 880 laxam
844 837 947 892 quid
970 837 1087 878 iuvat
1111 851 1201 878 esse
1226 834 1393 891 togam?

271 905 432 947 ducite:
458 903 512 945 ad
536 902 761 959 imperium
787 900 982 942 dominae
1008 899 1264 941 sulcabimus
1290 911 1431 953 agros:

202 979 248 1014 80
329 983 414 1011 non
439 981 519 1024 ego
544 981 612 1009 me
637 965 786 1009 vinclis
812 963 1144 1018 verberibusque
1168 976 1291 1018 nego.

915 1200 994 1244 IV.

273 1286 359 1328 Hic
383 1284 487 1327 mihi
513 1282 729 1326 servitium
753 1281 876 1323 video
902 1280 1200 1334 dominamque
1225 1284 1433 1334 paratam:

329 1350 414 1391 iam
440 1348 555 1396 mihi,
582 1347 753 1388 libertas
778 1346 849 1386 illa
874 1352 1062 1400 paterna,
1089 1343 1196 1385 vale.

274 1412 491 1456 servitium
517 1410 591 1452 sed
617 1410 734 1452 triste
760 1409 896 1458 datur,
922 1415 1150 1461 teneorque
1177 1404 1349 1455 catenis,

331 1484 371 1519 et
398 1489 631 1528 numquam
656 1473 809 1514 misero
834 1471 974 1513 vincla
998 1469 1173 1512 remittit
1198 1469 1346 1516 Amor,

226 1552 248 1587 5
273 1548 314 1582 et
340 1554 414 1580 seu
439 1537 541 1593 quid
566 1535 701 1578 merui
727 1550 801 1577 seu
826 1534 928 1588 quid
952 1532 1237 1589 peccavimus,
1262 1531 1358 1572 urit.

330 1617 441 1652 uror,
467 1601 521 1651 io,
547 1614 731 1649 remove,
759 1613 885 1640 saeva
909 1596 1066 1653 puella,
1092 1596 1219 1637 faces.

274 1682 298 1709 o
325 1681 404 1722 ego
429 1680 482 1707 ne
506 1663 664 1720 possim
689 1662 793 1704 tales
819 1661 973 1702 sentire
998 1660 1176 1708 dolores,

331 1745 460 1785 quam
484 1728 655 1769 mallem
678 1726 722 1768 in
746 1725 897 1781 gelidis
922 1723 1136 1766 montibus
1162 1736 1254 1764 esse
1276 1720 1397 1777 lapis,

275 1801 384 1837 stare
409 1793 477 1835 vel
502 1791 660 1833 insanis
686 1796 829 1832 cautes
855 1787 1040 1830 obnoxia
1064 1786 1214 1836 ventis,

206 1871 251 1906 10
331 1857 541 1912 naufraga
565 1870 694 1909 quam
718 1855 823 1894 vasti
846 1852 1042 1894 tunderet
1065 1850 1181 1892 unda
1205 1847 1351 1890 maris!

274 1936 387 1964 nunc
413 1927 454 1962 et
479 1934 622 1960 amara
648 1917 736 1959 dies
762 1923 804 1958 et
826 1915 962 1957 noctis
988 1914 1168 1957 amarior
1192 1911 1344 1954 umbra
1368 1917 1448 1953 est:

332 1984 472 2026 omnia
496 1996 608 2023 nunc
632 1980 740 2022 tristi
765 1987 955 2035 tempora
979 1978 1077 2020 felle
1101 1976 1285 2018 madent.

274 2064 353 2091 nec
377 2054 554 2103 prosunt
579 2044 688 2100 elegi
712 2059 790 2086 nec
816 2042 1011 2085 carminis
1036 2048 1182 2082 auctor
1207 2038 1381 2095 Apollo:

332 2112 405 2153 illa
429 2125 534 2152 cava
558 2108 740 2164 pretium
765 2106 926 2162 flagitat
951 2119 1086 2159 usque
1111 2118 1253 2145 manu.

208 2185 252 2221 15
275 2176 332 2218 ite
358 2174 517 2231 procul,
542 2172 711 2221 Musae,
738 2170 773 2212 si
797 2185 882 2211 non
907 2168 1113 2224 prodestis
1140 2165 1314 2208 amanti:

333 2253 418 2280 non
444 2251 523 2293 ego
548 2250 637 2285 vos,
662 2241 709 2275 ut
735 2234 816 2276 sint
840 2233 952 2274 bella
977 2230 1178 2280 canenda,
1205 2229 1311 2279 colo,

277 2317 356 2345 nec
380 2301 516 2343 refero
542 2298 725 2352 solisque
750 2296 840 2338 vias
867 2303 908 2338 et
933 2294 1082 2349 qualis,
1106 2293 1181 2335 ubi
1206 2293 1351 2334 orbem

336 2363 575 2420 complevit,
600 2361 732 2404 versis
757 2360 858 2402 luna
882 2358 1058 2401 recurrit
1083 2356 1214 2411 equis.

279 2429 334 2472 ad
359 2427 573 2470 dominam
598 2425 742 2466 faciles
768 2423 904 2464 aditus
929 2437 1004 2477 per
1031 2419 1217 2462 carmina
1242 2432 1416 2474 quaero:

209 2504 255 2540 20
336 2493 393 2535 ite
419 2490 578 2547 procul,
604 2489 772 2536 Musae,
798 2486 833 2528 si
857 2485 961 2527 nihil
984 2485 1065 2526 ista
1089 2483 1242 2525 valent.

279 2564 321 2599 at
344 2555 447 2598 mihi
472 2569 547 2610 per
572 2552 744 2594 caedem
770 2557 810 2592 et
835 2548 998 2591 facinus
1025 2554 1122 2589 sunt
1148 2546 1258 2587 dona
1282 2544 1482 2601 paranda,

335 2634 390 2662 ne
413 2619 573 2660 iaceam
599 2616 785 2658 clausam
810 2611 959 2656 flebilis
986 2618 1083 2654 ante
1109 2609 1299 2652 domum:
