1715 2844
280 99 310 140 4
930 104 994 140 11

282 203 367 230 non
393 202 600 243 agnamve
625 187 718 229 sinu
742 188 885 244 pigeat
908 186 1095 229 fetumve
1120 187 1305 242 capellae

336 251 552 293 desertum
577 250 707 292 oblita
731 258 865 292 matre
889 249 1045 292 referre
1070 250 1255 291 domum.

282 321 325 356 at
349 328 423 355 vos
449 313 603 369 exiguo
627 313 781 369 pecori,
807 313 1006 367 furesque
1030 313 1215 368 lupique,

337 376 514 432 parcite:
542 375 593 417 de
617 390 772 431 magno
797 382 860 417 est
882 375 1039 431 praeda
1063 375 1244 431 petenda
1268 390 1411 432 grege.

213 443 258 477 35
281 439 349 480 hic
374 454 452 494 ego
477 446 771 494 pastoremque
795 453 936 480 meum
959 438 1136 480 lustrare
1161 446 1262 492 quot
1287 438 1406 480 annis

339 509 379 544 et
403 501 611 557 placidam
636 501 748 542 soleo
774 515 971 556 spargere
996 500 1103 542 lacte
1127 501 1287 543 Palem.

283 564 442 613 adsitis,
468 563 566 613 divi,
592 578 669 605 nec
694 578 767 605 vos
793 578 815 605 e
839 578 1022 618 paupere
1047 579 1191 605 mensa

340 627 450 668 dona
473 641 552 668 nec
577 641 599 668 e
624 626 738 681 puris
765 626 946 681 spernite
970 625 1178 668 fictilibus.

282 690 425 732 fictilia
449 689 644 743 antiquus
670 689 852 744 primum
879 689 958 730 sibi
983 689 1082 730 fecit
1107 689 1282 744 agrestis

212 761 258 796 40
339 753 502 808 pocula,
530 752 581 794 de
606 752 718 793 facili
744 751 1062 807 composuitque
1086 752 1185 793 luto.

282 830 367 857 non
391 829 470 870 ego
496 814 661 855 divitias
687 822 854 870 patrum
879 814 1124 867 fructusque
1148 813 1328 868 requiro,

340 892 445 932 quos
470 877 564 918 tulit
589 877 760 931 antiquo
787 877 954 918 condita
978 876 1125 917 messis
1151 890 1247 917 avo:

283 955 413 996 parva
439 955 558 995 seges
584 940 684 981 satis
710 949 785 989 est,
812 939 911 980 satis
936 946 1012 988 est,
1038 938 1298 993 requiescere
1322 939 1430 981 lecto

340 1003 374 1044 si
398 1003 493 1045 ficet
519 1010 558 1044 et
583 1003 704 1044 solito
729 1002 918 1044 membra
942 1003 1082 1044 levare
1107 1010 1210 1043 toro.

214 1074 259 1108 45
283 1081 411 1120 quam
436 1066 551 1106 iuvat
576 1065 755 1107 immites
781 1072 926 1107 ventos
953 1065 1096 1107 audire
1122 1065 1346 1106 cubantem

343 1136 384 1170 et
409 1129 622 1169 dominam
646 1137 788 1169 tenero
815 1128 1066 1169 continuisse
1092 1128 1185 1168 sinu

284 1199 368 1241 aut,
394 1191 554 1247 gelidas
580 1191 778 1232 hibernus
805 1205 935 1245 aquas
961 1205 1056 1232 cum
1081 1189 1236 1232 fuderit
1260 1187 1412 1240 auster,

341 1269 534 1296 securum
559 1268 725 1295 somnos
750 1253 882 1295 imbre
906 1254 1076 1295 iuvante
1102 1252 1237 1306 sequi!

283 1317 363 1358 hoc
387 1316 489 1358 mihi
514 1317 746 1372 contingat:
773 1317 826 1357 sit
850 1317 968 1358 dives
994 1316 1097 1366 iure,
1123 1316 1306 1357 furorem

214 1390 259 1424 50
339 1380 413 1434 qui
438 1380 562 1421 maris
589 1388 629 1421 et
653 1380 790 1421 tristes
816 1379 925 1422 ferre
950 1387 1087 1435 potest
1112 1379 1288 1434 pluvias.

283 1458 308 1484 o
334 1450 536 1497 quantum
563 1450 626 1484 est
651 1443 741 1484 auri
766 1451 910 1497 pereat
935 1442 1157 1498 potiusque
1182 1442 1407 1497 smaragdi,

339 1520 466 1560 quam
491 1505 588 1547 fleat
613 1505 667 1546 ob
691 1513 853 1547 nostras
878 1505 963 1546 ulla
987 1505 1126 1560 puella
1151 1505 1250 1546 vias.

283 1577 323 1610 te
347 1568 505 1610 bellare
531 1567 650 1610 decet
675 1575 798 1618 terra,
824 1567 1040 1617 Messalla,
1064 1567 1266 1621 marique,

339 1639 386 1672 ut
411 1631 559 1672 domus
584 1631 753 1672 hostiles
779 1631 987 1686 praeferat
1012 1630 1204 1672 exuvias:

214 1704 258 1738 55
281 1709 349 1735 me
373 1693 551 1736 retinent
575 1693 761 1735 vinctum
786 1694 992 1735 formosae
1018 1693 1155 1735 vincla
1179 1693 1356 1749 puellae,

341 1764 382 1798 et
407 1756 532 1798 sedeo
559 1756 684 1798 duras
709 1756 860 1798 ianitor
885 1764 980 1797 ante
1005 1756 1130 1799 fores.

282 1834 367 1861 non
391 1834 471 1875 ego
496 1819 658 1860 laudari
683 1834 797 1869 curo,
823 1834 917 1861 mea
940 1819 1085 1861 Delia:
1112 1827 1250 1861 tecum

341 1883 442 1924 dum
466 1882 591 1923 modo
617 1882 708 1931 sim,
735 1896 890 1936 quaeso
915 1882 1056 1937 segnis
1082 1882 1274 1936 inersque
1299 1896 1434 1924 vocer.

284 1952 325 1987 te
351 1952 549 2001 spectem,
576 1960 772 2000 suprema
797 1945 897 1986 mihi
923 1960 1018 1987 cum
1043 1945 1202 1987 venerit
1226 1944 1340 1994 hora,

216 2019 260 2053 60
341 2015 382 2049 te
407 2016 574 2049 teneam
598 2008 778 2050 moriens
804 2007 1022 2050 deficiente
1048 2023 1188 2049 mann.

282 2071 401 2113 flcbis
426 2079 466 2111 ct
491 2085 634 2111 arsuro
660 2071 841 2126 positum
866 2086 946 2120 me,
972 2070 1110 2120 Delia,
1135 2070 1256 2118 lecte,

341 2133 528 2174 tristibus
554 2141 595 2174 et
619 2133 798 2175 lacrimis
824 2133 967 2174 oscula
991 2133 1121 2174 mixta
1145 2132 1276 2173 dabis.

284 2196 420 2238 flebis:
447 2210 530 2237 non
555 2204 627 2237 tua
653 2205 748 2237 sunt
774 2196 877 2237 duro
903 2195 1145 2251 praecordia
1169 2195 1278 2236 ferro

342 2259 495 2307 vincta,
521 2273 597 2299 nco
622 2259 664 2300 in
690 2267 831 2300 tenero
858 2266 938 2299 stat
962 2258 1038 2299 tibi
1064 2258 1187 2299 corde
1212 2257 1327 2298 silex.

216 2332 260 2366 65
284 2321 354 2363 illo
379 2336 462 2362 non
487 2321 649 2362 iuvenis
674 2321 824 2376 poterit
850 2321 900 2362 de
924 2320 1070 2362 funere
1095 2320 1318 2374 quisquam

340 2384 511 2431 lumina,
536 2398 619 2424 non
645 2384 778 2439 virgo,
804 2383 914 2425 sicca
938 2383 1092 2425 referre
1117 2383 1299 2424 domum.

284 2456 328 2489 tu
354 2462 497 2488 manes
522 2461 575 2487 nc
601 2447 719 2488 laede
745 2461 874 2495 meos,
901 2446 974 2487 sed
999 2460 1122 2501 parce
1149 2445 1293 2487 solutis

341 2509 524 2552 crinibus
551 2518 591 2550 ct
617 2509 782 2559 toneris,
808 2508 947 2557 Delia,
973 2523 1096 2563 parce
1121 2508 1253 2563 genis.

285 2574 454 2620 interea,
480 2571 579 2612 dum
605 2572 692 2612 fata
717 2572 870 2619 sinunt,
897 2571 1119 2625 iungamus
1145 2585 1326 2612 amores:

216 2640 259 2676 70
340 2636 424 2679 iam
449 2635 587 2677 veniet
612 2634 792 2677 tenebris
817 2648 928 2675 mors
954 2633 1153 2689 adoperta
1178 2641 1321 2690 caput:
