1667 2909
706 139 841 177 1156

99 242 201 278 tunc
223 231 428 275 Messalla
450 243 570 271 meus
594 226 663 282 pia
688 224 758 266 det
783 217 1023 276 spectacula
1047 213 1195 257 turbae

158 304 199 339 et
222 295 396 352 plaudat
420 306 545 335 curru
568 292 861 345 praetereunte
885 287 1017 336 pater.

103 361 259 402 adnue:
287 358 346 401 sic
371 356 447 398 tibi
472 354 553 396 sint
576 349 743 398 intonsi,
768 344 957 392 Phoebe,
984 339 1136 396 capilli,

161 423 220 466 sic
243 430 317 464 tua
340 425 543 477 perpetuo
569 414 621 457 sit
643 412 721 455 tibi
746 417 862 453 casta
887 419 1016 449 soror.

750 644 829 687 VI,

113 738 261 781 Castra
284 735 434 776 Macer
459 729 665 784 sequitur:
690 734 834 768 tenero
859 721 963 776 quid
985 719 1058 760 fiet
1082 714 1256 758 Amori?

171 800 222 842 sit
248 812 388 840 comes
414 802 455 837 et
479 793 586 836 collo
611 789 773 831 fortiter
799 800 915 827 arma
940 781 1082 839 gerat?

115 872 156 906 et
180 877 254 904 seu
278 862 405 915 longa
428 857 566 899 virum
590 862 725 895 terrae
749 850 818 891 via
844 863 918 890 seu
942 860 1054 900 vaga
1079 843 1231 884 ducent

173 939 368 979 aequora,
397 936 494 963 cum
518 918 611 961 telis
637 915 691 957 ad
715 914 826 956 latus
850 912 911 952 ire
936 907 1073 950 volet?

117 1004 204 1038 ure,
228 1001 347 1043 puer,
373 996 543 1039 quaeso,
568 987 643 1021 tua
667 976 739 1032 qui
763 975 878 1017 ferus
904 971 988 1013 otia
1011 968 1147 1023 liquit,

176 1058 302 1104 atque
326 1048 478 1090 iterum
505 1056 695 1086 erronem
720 1038 799 1081 sub
823 1045 896 1078 tua
921 1035 1042 1090 signa
1066 1045 1183 1073 voca.

120 1114 234 1170 quod
258 1113 292 1155 si
316 1110 519 1152 militibus
544 1119 705 1162 parces,
732 1101 809 1144 erit
834 1099 901 1140 hic
926 1110 1095 1152 quoque
1120 1093 1254 1141 miles,

177 1179 268 1233 ipse
291 1175 430 1218 levem
456 1171 577 1228 galea
600 1167 673 1223 qui
699 1165 778 1208 sibi
801 1170 939 1220 portet
963 1173 1128 1214 aquam.

124 1248 259 1284 castra
282 1247 393 1295 peto,
418 1236 640 1287 valeatque
665 1230 814 1273 Venus
839 1226 1092 1276 valeantque
1117 1218 1301 1276 puellae:

182 1312 223 1347 et
246 1301 350 1344 mihi
375 1306 472 1342 sunt
495 1298 619 1345 vires,
643 1301 684 1336 et
708 1291 810 1334 mihi
835 1290 947 1331 facta
970 1286 1073 1328 tuba
1098 1295 1172 1326 est.

126 1381 282 1423 magna
305 1365 467 1418 loquor,
493 1360 567 1402 sed
590 1355 815 1413 magnifice
838 1352 941 1394 mihi
965 1363 1120 1404 magna
1143 1347 1283 1388 locuto

185 1428 401 1473 excutiunt
426 1425 593 1467 clausae
618 1419 743 1462 fortia
767 1416 898 1458 verba
921 1414 1045 1455 fores.

129 1493 264 1537 iuravi
288 1490 481 1546 quotiens
505 1486 738 1529 rediturum
763 1480 817 1522 ad
840 1478 986 1521 limina
1010 1469 1260 1527 numquam!

188 1571 284 1600 cum
307 1554 417 1596 bene
440 1549 589 1599 iuravi,
614 1562 688 1604 pes
713 1554 855 1586 tamen
880 1542 970 1597 ipse
995 1537 1114 1580 redit.

134 1635 228 1664 acer
252 1619 401 1666 Amor,
427 1614 582 1656 fractas
606 1611 768 1652 utinam
791 1615 866 1648 tua
890 1603 974 1646 tela
999 1601 1187 1656 sagittas,

192 1683 228 1725 si
251 1681 362 1730 licet,
388 1676 614 1721 exstinctas
640 1670 925 1727 aspiciamque
951 1662 1082 1706 faces!

136 1756 182 1789 tu
204 1745 404 1787 miserum
428 1749 615 1793 torqueS‚
641 1744 687 1777 tu
710 1749 778 1775 me
802 1731 906 1773 mihi
931 1728 1021 1769 dira
1045 1723 1206 1782 precari

194 1807 309 1863 cogis
335 1813 376 1848 et
398 1804 547 1845 insana
570 1806 710 1841 mente
733 1793 919 1838 nefanda
943 1789 1071 1844 loqui.

138 1873 222 1915 iam
246 1869 358 1912 mala
381 1866 566 1908 finissem
588 1863 687 1911 leto,
712 1858 787 1901 sed
812 1854 982 1899 credula
1007 1852 1137 1893 vitam

197 1948 292 1990 spes
316 1932 431 1973 fovet
455 1936 496 1970 et
519 1927 609 1969 fore
634 1939 724 1966 cras
752 1933 915 1975 semper
941 1916 997 1958 ait
1022 1913 1186 1956 melius.

143 2013 237 2055 spes
262 1995 335 2038 alit
359 1991 579 2050 agricolas,
606 2002 700 2043 spes
727 1983 853 2026 sulcis
880 1979 1010 2022 credit
1036 1976 1161 2019 aratis

201 2059 374 2106 semina,
400 2070 509 2110 quae
534 2065 690 2107 magno
714 2048 859 2090 fenore
883 2042 1032 2086 reddat
1058 2053 1177 2094 ager:

145 2126 249 2168 haec
272 2123 423 2176 laqueo
448 2117 652 2164 volucres,
678 2113 782 2153 haec
808 2115 948 2164 captat
974 2102 1177 2147 arundine
1202 2098 1352 2155 pisceS‚

123 2186 129 2191 ⁸
204 2201 300 2230 cum
323 2193 470 2226 tenues
495 2180 641 2221 hamos
668 2173 829 2217 abdidit
854 2181 951 2212 ante
976 2168 1113 2210 cibus:

150 2265 244 2308 spes
269 2248 392 2291 etiam
416 2243 556 2286 valida
582 2240 737 2283 solatur
763 2233 962 2290 compede
988 2231 1196 2272 vinctum:

207 2326 329 2356 crura
353 2316 502 2351 sonant
527 2305 652 2352 ferro,
680 2301 754 2344 sed
779 2298 891 2341 canit
914 2297 1022 2337 inter
1047 2306 1172 2347 opus:

152 2391 247 2433 spes
271 2373 437 2416 facilem
460 2367 676 2411 Nemesim
701 2362 877 2420 spondet
901 2357 1017 2406 mihi,
1043 2355 1116 2396 sed
1140 2359 1268 2407 negat
1290 2348 1374 2390 illa.

211 2439 249 2480 ei
272 2436 388 2485 mihi,
413 2449 467 2476 ne
491 2432 647 2480 vincas,
674 2428 780 2469 dura
802 2423 955 2480 puella,
984 2420 1118 2461 deam.

154 2515 293 2559 parce,
317 2513 391 2554 per
415 2497 638 2538 immatura
662 2500 759 2532 tuae
783 2500 930 2543 precor
955 2497 1050 2524 ossa
1076 2477 1245 2521 sororis:

215 2564 273 2605 sic
295 2562 404 2602 bene
429 2558 507 2600 sub
534 2566 677 2598 tenera
701 2566 833 2608 parva
858 2547 1047 2602 quiescat
1073 2543 1213 2583 humo.

158 2627 231 2669 illa
254 2623 357 2666 mihi
382 2628 525 2663 sancta
549 2627 624 2667 est,
650 2617 760 2658 illius
787 2613 896 2654 dona
922 2607 1110 2662 sepulcro

219 2696 259 2731 et
282 2684 520 2728 madefacta
543 2680 647 2723 meis
674 2686 784 2720 serta
807 2674 941 2716 feram
964 2667 1162 2715 lacrimis,

1252 2729 1294 2764 3¹⁵

1397 111 1452 156 35

1484 268 1552 304 120

1512 1283 1557 1317 10

1521 1598 1564 1632 15

1526 1913 1572 1947 20

1532 2220 1578 2256 25

1543 2539 1587 2574 30
