1667 2909
355 623 608 676 LIBER
650 622 1097 676 SECUNDUS.

713 794 749 837 Ι.

52 895 255 952 Quisquis
280 897 409 947 adest,
434 898 594 940 faveat:
620 898 765 953 fruges
791 898 1018 939 lustramus
1045 906 1085 940 et
1111 914 1246 955 agros,

106 959 210 1002 ritus
234 968 281 1002 ut
305 976 330 1002 a
352 961 489 1016 prisco
515 960 692 1002 traditus
720 968 856 1002 exstat
881 975 973 1002 avo.

52 1021 232 1072 Bacche,
258 1023 368 1073 veni,
394 1024 611 1078 dulcisque
636 1023 719 1064 tuis
746 1039 768 1065 e
795 1023 991 1065 cornibus
1017 1038 1101 1065 uva

106 1086 301 1140 pendeat,
329 1094 369 1128 et
394 1087 518 1142 spicis
542 1097 734 1142 tempora
759 1086 894 1142 cinge,
923 1084 1065 1128 Ceres.

49 1147 144 1190 luce
170 1164 287 1191 sacra
310 1150 547 1204 requiescat
570 1149 738 1198 humus,
764 1150 1002 1203 requiescat
1028 1158 1179 1200 arator,

107 1218 148 1253 et
171 1227 300 1268 grave
325 1228 530 1268 suspenso
556 1227 727 1254 vomere
752 1220 885 1254 cesset
911 1227 1030 1268 opus.

51 1274 200 1317 solvite
225 1275 362 1317 vincla
385 1276 514 1332 iugis:
540 1291 653 1317 nunc
678 1276 733 1317 ad
757 1275 977 1331 praesepia
1002 1275 1157 1318 debent

106 1338 232 1392 plena
256 1346 452 1380 coronato
478 1346 587 1380 stare
611 1339 742 1380 boves
768 1338 917 1393 capite.

51 1400 192 1442 omnia
216 1401 298 1442 sint
322 1409 494 1457 operata
518 1402 615 1444 deo:
641 1416 725 1443 non
751 1402 905 1443 audeat
928 1401 1015 1443 ulla

106 1464 315 1506 lanificam
339 1465 479 1520 pensis
503 1465 752 1520 imposuisse
777 1481 964 1506 manum.

51 1541 126 1568 vos
150 1542 317 1582 quoque
342 1528 488 1570 abesse
513 1529 658 1584 procul
682 1528 822 1578 iubeo,
850 1528 1037 1570 discedat
1062 1529 1116 1570 ab
1142 1530 1237 1580 aris,

108 1590 175 1631 cui
199 1590 293 1632 tulit
318 1591 513 1632 hesterna
537 1591 694 1647 gaudia
718 1599 840 1633 nocte
866 1592 1027 1634 Venus.

52 1661 166 1695 casta
189 1654 357 1709 placent
382 1655 562 1710 superis:
589 1671 695 1710 pura
720 1671 815 1697 cum
841 1663 957 1697 veste
982 1656 1121 1698 venite

107 1725 148 1758 et
171 1717 365 1758 manibus
389 1717 505 1772 puris
531 1718 681 1759 sumite
706 1717 832 1759 fontis
859 1733 1025 1772 aquam.

51 1779 220 1828 cernite,
246 1779 458 1835 fulgentes
483 1788 529 1821 ut
556 1790 621 1823 eat
647 1796 763 1822 sacer
788 1797 922 1837 agnus
949 1781 1002 1822 ad
1029 1796 1121 1822 aras

107 1842 332 1896 vinctaque
355 1850 451 1898 post
477 1843 570 1885 olea
596 1843 775 1885 candida
799 1844 923 1885 turba
954 1859 1107 1885 comas.

51 1904 93 1946 di
116 1904 252 1960 patrii,
276 1920 508 1961 purgamus
535 1920 671 1962 agros,
698 1922 928 1961 purgamus
955 1915 1162 1962 agrestes:

107 1982 180 2009 vos
205 1968 317 2009 mala
342 1969 395 2010 de
419 1969 572 2011 nostris
597 1970 738 2024 pellite
764 1970 979 2020 limitibus,

49 2045 134 2072 neu
158 2045 278 2086 seges
304 2031 446 2073 eludat
470 2047 649 2074 messem
675 2032 897 2074 fallacibus
922 2033 1076 2083 herbis,

105 2108 188 2135 neu
212 2094 356 2136 timeat
381 2095 536 2136 celeres
562 2095 719 2136 tardior
744 2111 855 2150 agna
879 2097 1014 2151 lupos.

50 2163 151 2198 tunc
174 2156 332 2198 nitidus
357 2158 492 2212 plenis
519 2158 699 2199 confisus
725 2159 905 2199 rusticus
931 2159 1043 2214 agris

105 2219 267 2275 ingeret
292 2220 455 2261 ardenti
479 2221 656 2275 grandia
680 2221 796 2276 ligna
820 2222 929 2271 foco,

49 2281 255 2336 turbaque
280 2297 517 2333 vernarum,
544 2284 673 2324 saturi
698 2284 809 2325 bona
834 2285 955 2339 signa
979 2285 1128 2334 coloni,

105 2345 222 2386 ludet
247 2353 288 2387 et
313 2361 364 2387 ex
389 2347 518 2402 virgis
545 2355 731 2388 exstruet
756 2355 851 2388 ante
878 2362 1008 2388 casas.

50 2417 251 2449 eventura
274 2423 439 2463 precor:
466 2409 590 2451 viden
615 2418 661 2450 ut
686 2410 878 2451 felicibus
906 2410 1012 2451 extis

106 2469 312 2525 significet
335 2471 520 2526 placidos
546 2472 693 2513 nuntia
717 2472 824 2513 fibra
849 2473 975 2514 deos?

49 2547 161 2575 nunc
185 2532 286 2574 mihi
310 2533 496 2575 fumosos
523 2535 675 2576 veteris
701 2536 884 2590 proferte
907 2535 1109 2577 Falernos

107 2596 288 2637 consulis
314 2604 355 2637 et
381 2595 489 2638 Chio
515 2598 662 2639 solvite
688 2598 825 2639 vincla
850 2598 966 2639 cado.

48 2658 148 2700 vina
173 2658 284 2700 diem
308 2659 537 2700 celebrent:
564 2675 648 2701 non
673 2661 778 2701 festa
804 2661 895 2701 luce
921 2661 1092 2703 madere

107 2729 170 2763 est
192 2721 334 2772 rubor,
359 2730 544 2764 errantes
570 2731 610 2765 et
635 2724 743 2765 male
768 2723 877 2765 ferre
902 2724 1045 2778 pedes.

1461 1162 1484 1197 <2¹

1439 1474 1484 1509 10

1439 1787 1483 1822 15

1438 2109 1483 2143 20

1435 2663 1480 2698 30
