1715 2844
244 65 299 107 34
881 73 966 110 115

241 156 347 198 haec
371 155 539 197 fuerant
564 154 683 197 olim:
708 155 783 198 sed
807 162 853 197 tu
876 155 960 197 iam
986 155 1110 205 mitis,
1135 154 1307 211 Apollo,

173 225 218 260 80
298 219 490 275 prodigia
513 218 724 260 indomitis
750 234 893 275 merge
919 218 997 260 sub
1021 218 1288 272 aequoribus,

243 290 284 325 et
309 297 512 324 succensa
537 282 664 324 sacris
691 282 864 337 crepitet
888 282 997 324 bene
1020 281 1164 323 laurea
1187 281 1380 332 flammis,

299 346 436 387 omine
462 360 545 400 quo
570 345 671 387 felix
697 353 737 387 et
763 359 881 386 sacer
905 359 1038 386 annus
1064 344 1154 386 erit.

240 409 384 451 laurus
410 409 485 449 ubi
510 409 622 449 bona
647 408 768 463 signa
794 407 921 457 dedit,
948 408 1130 464 gaudete
1156 407 1311 450 coloni:

299 472 508 513 distendet
534 471 658 526 spicis
685 471 833 512 horrea
857 471 982 525 plena
1009 470 1153 520 Ceres,

171 540 217 575 85
241 535 395 576 oblitus
420 542 461 576 et
485 543 623 575 musto
648 533 770 575 feriet
794 534 902 588 pede
927 533 1107 575 rusticus
1131 549 1250 584 uvas,

298 598 410 639 dolia
435 598 536 638 dum
561 597 705 653 magni
731 596 1010 651 deficiantque
1034 597 1170 638 lacus:

241 675 290 703 ac
314 660 508 702 madidus
533 660 705 702 Baccho
732 675 807 701 sua
831 659 939 701 festa
963 659 1114 700 Palilia
1138 666 1280 714 pastor

297 723 506 766 concinet:
534 739 558 764 a
583 723 757 765 stabulis
783 730 883 764 tunc
908 723 1054 778 procul
1080 730 1166 764 este
1191 723 1289 778 lupi.

239 788 309 830 ille
334 787 438 829 levis
464 787 643 842 stipulae
669 786 881 828 sollemnis
905 794 1030 841 potus
1056 800 1227 827 acervos

171 862 216 897 90
298 850 511 900 accendet,
537 850 728 891 flammas
753 849 1040 903 transilietque
1067 863 1221 890 sacras.

240 921 280 956 et
305 915 415 956 fetus
441 922 632 955 matrona
658 912 787 962 dabit,
813 919 1021 966 natusque
1046 911 1210 967 parenti

298 977 442 1019 oscula
468 975 724 1031 comprensis
751 975 922 1017 auribus
949 975 1109 1030 eripiet,

240 1056 318 1083 nec
343 1040 530 1082 taedebit
555 1055 682 1081 avum
707 1054 837 1094 parvo
864 1038 1095 1094 advigilare
1120 1037 1263 1093 nepoti

297 1104 508 1157 balbaque
535 1118 631 1144 cum
655 1116 786 1158 puero
813 1102 951 1143 dicere
976 1101 1105 1143 verba
1130 1116 1287 1142 senem.

170 1178 215 1213 95
240 1175 340 1209 tunc
366 1174 538 1222 operata
563 1166 641 1208 deo
666 1165 800 1221 pubes
827 1164 1062 1206 discumbet
1086 1164 1130 1205 in
1155 1164 1301 1214 herba,

299 1231 459 1272 arboris
485 1229 682 1284 antiquae
707 1243 790 1283 qua
815 1228 919 1270 levis
945 1228 1095 1269 umbra
1120 1227 1245 1276 cadit,

240 1302 313 1335 aut
338 1309 359 1335 e
386 1301 500 1335 veste
526 1308 602 1334 sua
626 1292 799 1334 tendent
823 1290 1070 1332 umbracula
1094 1290 1212 1332 sertis

296 1357 448 1406 vincta,
475 1363 697 1397 coronatus
721 1354 848 1396 stabit
873 1361 913 1396 et
939 1361 1034 1396 ante
1060 1354 1182 1396 caliX.

239 1428 281 1462 at
307 1421 386 1462 sibi
411 1420 590 1474 quisque
616 1419 744 1474 dapes
770 1425 810 1460 et
835 1418 963 1460 festas
990 1424 1173 1459 exstruet
1199 1416 1280 1458 alte

149 1489 217 1525 100
299 1484 554 1539 caespitibus
580 1497 746 1524 mensas
773 1481 1112 1536 caespitibusque
1137 1488 1288 1521 torum.

238 1548 402 1603 ingeret
426 1546 494 1588 hic
519 1553 642 1602 potus
666 1545 830 1587 iuvenis
855 1544 1078 1586 maledicta
1103 1543 1284 1598 puellae,

295 1609 517 1666 postmodo
543 1623 652 1663 quae
677 1608 784 1649 votis
809 1607 925 1648 irrita
950 1607 1062 1648 facta
1087 1606 1205 1647 velit:

240 1689 339 1715 nam
364 1673 476 1714 ferus
502 1672 572 1714 ille
598 1686 699 1713 suae
724 1670 906 1727 plorabit
931 1669 1096 1711 sobrius
1122 1669 1233 1711 idem

299 1744 339 1778 et
365 1752 408 1778 se
433 1735 589 1777 iurabit
613 1743 753 1776 mente
778 1734 908 1775 fuisse
933 1733 1057 1774 mala.

148 1810 215 1845 105
238 1815 343 1856 pace
368 1807 441 1840 tua
465 1807 638 1854 pereant
663 1812 784 1839 arcus
809 1804 1066 1852 pereantque
1093 1795 1283 1850 sagittae,

296 1863 485 1912 Phoebe,
512 1862 636 1903 modo
661 1861 705 1902 in
729 1861 849 1903 terris
877 1867 985 1902 erret
1009 1859 1178 1901 inermis
1203 1860 1350 1900 Amor.

239 1942 306 1969 ars
334 1927 463 1968 bona:
491 1925 565 1967 sed
589 1931 813 1981 postquam
839 1922 1014 1978 sumpsit
1041 1922 1119 1963 sibi
1144 1922 1227 1963 tela
1253 1920 1434 1976 Cupido,

295 1989 379 2031 heu
404 1989 487 2031 heu
511 2003 640 2042 quam
668 1987 810 2029 multis
837 2002 902 2028 ars
928 1985 1041 2028 dedit
1065 1985 1146 2027 ista
1169 1983 1345 2025 malum!

240 2060 281 2095 et
305 2052 408 2093 mihi
433 2051 672 2107 praecipue.
722 2051 837 2092 iaceo
865 2064 960 2091 cum
987 2048 1153 2090 saucius
1179 2063 1335 2089 annum

148 2125 216 2160 110
299 2123 339 2157 et
364 2115 487 2157 faveo
513 2114 673 2164 morbo,
700 2128 796 2155 cum
827 2113 945 2154 iuvat
969 2112 1058 2167 ipse
1085 2111 1215 2159 dolor,

240 2193 374 2233 usque
400 2193 504 2220 cano
530 2177 759 2226 Nemesim,
786 2176 876 2217 sine
901 2190 986 2229 qua
1011 2189 1156 2216 versus
1182 2173 1283 2214 mihi
1307 2173 1446 2214 nullus

297 2241 427 2283 verba
452 2247 588 2296 potest
612 2240 744 2281 iustos
769 2246 841 2280 aut
866 2238 1048 2293 reperire
1073 2237 1215 2292 pedes.

241 2312 283 2346 at
307 2312 366 2354 tu,
391 2319 490 2345 nam
515 2303 659 2344 divum
685 2310 824 2344 servat
850 2301 980 2343 tutela
1005 2309 1164 2355 poetas,

297 2382 565 2423 praemoneo,
592 2366 677 2407 vati
702 2380 839 2420 parce,
866 2364 1019 2419 puella,
1046 2378 1178 2413 sacro,

149 2440 216 2476 115
240 2440 286 2473 ut
310 2430 589 2473 Messalinum
615 2429 836 2477 celebrem,
862 2442 957 2469 cum
981 2427 1167 2482 praemia
1192 2425 1288 2468 belli

297 2501 392 2536 ante
418 2508 516 2535 suos
543 2508 688 2534 currus
714 2491 868 2547 oppida
894 2490 1004 2532 victa
1028 2490 1145 2539 seret,

240 2559 329 2614 ipse
355 2572 505 2613 gerens
530 2556 690 2598 lauros:
717 2555 835 2597 lauro
862 2554 1080 2595 devinctus
1106 2552 1262 2608 agresti

297 2621 416 2663 miles
443 2619 519 2661 ‘io'
547 2634 699 2675 magna
725 2632 826 2660 voce
853 2616 1099 2672 ‘triumphe'
1127 2624 1260 2658 canet.
