1715 2844
221 396 286 432 195

218 713 286 748 200

217 1346 285 1381 210

312 101 369 144 50
869 109 927 144 111
952 109 971 146 7
997 110 1064 153 (lv
1088 111 1122 155 1)

316 207 395 236 nec
421 193 557 235 solum
581 192 657 234 tibi
680 191 810 235 Pierii
840 192 1077 234 tribuentur
1101 192 1300 234 honores:

310 271 387 312 pro
412 263 453 298 te
477 256 546 298 vel
570 255 738 311 rapidas
764 255 899 297 ausim
924 255 1050 297 maris
1075 255 1134 297 ire
1158 271 1234 311 per
1258 255 1408 307 undas,

312 319 497 361 adversis
522 319 699 360 hiberna
722 318 820 360 licet
845 325 1034 360 tumeant
1058 318 1166 360 freta
1189 318 1340 368 ventis,

310 397 386 438 pro
412 390 453 424 te
478 382 545 423 vel
570 381 711 423 densis
737 380 851 422 solus
876 381 1104 424 subsistere
1129 381 1277 423 turmis

310 445 378 487 vel
403 460 583 500 parvum
607 445 826 485 Aetnaeae
852 458 1003 499 corpus
1029 444 1289 486 committere
1313 445 1520 488 flammae.

311 523 405 549 sum
430 507 741 561 quodcumque,
767 514 887 548 tuum
913 514 986 548 est.
1034 507 1164 549 nostri
1190 507 1225 548 si
1249 508 1426 562 parvula
1450 523 1550 550 cura

312 571 365 612 sit
389 570 478 620 tibi,
505 578 663 625 quanta
685 570 802 619 libet,
830 570 864 611 si
889 570 941 611 sit
964 570 1104 620 modo,
1129 585 1212 611 non
1237 570 1339 611 mihi
1363 586 1496 626 regna

311 633 467 689 Lydia,
493 647 578 674 non
602 632 747 688 magni
772 632 908 688 potior
932 632 985 673 sit
1009 632 1124 673 fama
1150 632 1336 688 Gylippi,

310 712 434 753 posse
459 696 666 738 Meleteas
690 711 767 737 nec
792 696 960 737 mallem
985 695 1152 737 vincere
1177 695 1356 737 chartas.

311 760 424 814 quod
449 759 525 800 tibi
551 760 586 800 si
611 774 757 800 versus
781 765 936 808 noster,
962 765 1127 800 totusve
1153 758 1359 808 minusve,

310 823 377 864 vel
403 823 512 864 bene
538 822 591 863 sit
615 829 753 871 notus,
781 835 944 863 summo
969 822 1037 863 vel
1061 822 1215 864 inerret
1239 822 1282 862 in
1307 836 1392 872 ore,

309 886 426 927 nulla
451 885 552 926 mihi
578 892 762 927 statuent
787 885 913 927 finem
938 892 978 926 te
1003 885 1090 927 fata
1116 884 1304 926 canendi.

311 949 412 1003 quin
438 949 563 990 etiam
588 964 682 990 mea
706 956 807 990 tunc
832 948 1019 989 tumulus
1045 963 1142 989 cum
1166 947 1317 989 texerit
1342 962 1449 996 ossa,

267 1029 281 1036 -
310 1027 385 1053 seu
411 1019 576 1053 matura
601 1012 689 1053 dies
715 1012 894 1053 celerem
918 1018 1115 1066 properat
1140 1011 1243 1052 mihi
1267 1018 1457 1060 mortem,

309 1076 438 1130 longa,
462 1082 604 1116 manet
630 1090 703 1116 seu
729 1075 828 1124 vita,
855 1083 1010 1124 tamen,
1035 1081 1196 1115 mutata
1220 1074 1357 1129 figura

311 1154 385 1180 seu
410 1154 477 1180 me
503 1138 634 1193 finget
660 1152 816 1192 equum
840 1137 998 1192 rigidos
1025 1152 1268 1192 percurrere
1293 1151 1462 1192 campos

311 1202 481 1243 doctum
509 1216 583 1242 seu
609 1201 716 1242 tardi
741 1201 904 1256 pecoris
931 1201 1009 1241 sim
1033 1200 1168 1255 gloria
1193 1207 1338 1241 taurus

311 1266 398 1306 sive
425 1279 504 1319 ego
530 1280 605 1319 per
629 1264 836 1319 liquidum
862 1263 1043 1305 volucris
1070 1263 1200 1305 vehar
1224 1278 1321 1305 aera
1346 1262 1509 1318 pennis,

310 1329 664 1382 quandocumque
689 1328 902 1369 hominem
928 1343 995 1369 me
1020 1327 1148 1382 longa
1171 1326 1375 1382 receperit
1399 1333 1527 1374 aetas

308 1392 484 1448 inceptis
511 1392 562 1434 de
587 1399 627 1434 te
653 1392 873 1434 subtexam
902 1390 1087 1433 carmina
1112 1390 1278 1432 chartis.
