1715 2844
241 129 294 171 16
864 139 983 175 16.7

239 221 343 264 haec
367 221 469 263 mihi
495 228 536 264 te
561 221 731 264 adducit
755 221 935 264 tenebris
961 222 1177 277 multoque
1202 222 1348 266 timore

170 294 215 329 60
296 285 511 341 coniungit
536 292 697 327 nostras
723 285 830 326 clam
855 285 1062 327 taciturna
1086 301 1254 327 manus:

237 349 342 391 haec
366 349 611 403 foribusque
636 355 778 390 manet
802 355 927 389 noctu
952 363 1019 390 me
1044 349 1184 390 adfixa
1208 349 1438 404 proculque

296 413 511 468 cognoscit
536 412 734 467 strepitus
759 426 825 453 me
850 411 1043 454 veniente
1068 412 1236 468 pedum.

238 477 333 518 vive
360 476 431 517 diu
457 475 572 525 mihi,
600 475 733 517 dulcis
759 489 884 516 anus:
910 475 1101 530 proprios
1127 490 1206 531 ego
1231 482 1383 524 tecum,

296 540 348 581 sit
372 538 497 580 modo
522 538 599 588 fas,
626 553 757 579 annos
782 538 1057 579 contribuisse
1082 539 1220 580 velim.

170 611 214 647 65
239 610 279 645 te
305 617 469 658 semper
493 608 719 656 natamque
745 609 860 642 tuam
886 609 926 643 te
951 608 1121 657 propter
1145 601 1314 643 amabo:

294 665 499 721 quidquid
525 665 625 721 agit,
651 665 824 721 sanguis
850 672 913 706 est
937 672 1077 706 tamen
1103 665 1173 706 illa
1198 672 1307 705 tuus.

238 731 291 772 sit
315 730 440 771 modo
466 737 593 778 casta,
620 729 737 777 doce,
763 728 954 782 quamvis
980 743 1063 769 non
1087 728 1191 769 vitta
1214 728 1365 783 ligatos

294 792 495 849 impediat
520 792 654 833 crines
680 806 757 833 nec
784 791 890 833 stola
914 792 1040 846 longa
1065 791 1205 846 pedes

238 864 279 899 et
304 856 403 898 mihi
430 855 512 897 sint
536 855 665 897 durae
689 855 818 910 leges,
844 854 1015 895 laudare
1040 869 1117 895 nec
1142 854 1270 895 ullam

169 927 213 962 70
294 919 451 975 possim
477 933 569 974 eg0,
596 918 698 972 quin
723 919 865 960 oculos
891 925 1061 973 appetat
1086 917 1157 958 illa
1181 931 1314 958 meos:

238 991 279 1026 et
303 983 338 1024 si
362 982 464 1036 quid
488 996 685 1037 peccasse
710 988 835 1036 putet,
862 981 1075 1035 ducarque
1101 979 1262 1035 capillis

293 1045 499 1088 immerito
523 1047 567 1086 in
592 1046 742 1086 medias
768 1044 1054 1100 proripiarque
1079 1044 1181 1085 vias.

237 1125 321 1152 non
347 1124 425 1165 ego
450 1117 491 1151 te
516 1108 683 1165 pulsare
708 1108 846 1158 velim,
873 1108 958 1157 sed,
986 1107 1145 1149 venerit
1170 1106 1248 1148 iste

295 1174 328 1215 si
353 1173 482 1222 furor,
509 1172 688 1227 optarim
712 1186 794 1212 non
821 1171 1019 1212 habuisse
1043 1185 1206 1211 manus.
1252 1190 1267 1195 ⁴

169 1245 213 1280 75
238 1252 315 1279 nec
341 1251 466 1278 saevo
492 1236 547 1277 sis
574 1242 688 1277 casta
713 1242 841 1284 metu,
868 1234 940 1276 sed
965 1241 1105 1276 mente
1130 1232 1261 1274 fideli:

294 1308 465 1341 mutuus
490 1299 653 1341 absenti
683 1306 723 1340 te
749 1298 851 1339 mihi
876 1306 1013 1339 servet
1038 1311 1166 1338 amor.

238 1371 279 1406 at
304 1379 411 1418 quae
436 1363 521 1404 fida
545 1362 625 1403 fuit
648 1362 764 1411 nulli,
789 1369 883 1417 post
907 1361 1018 1402 victa
1043 1367 1210 1402 senecta

295 1427 410 1468 ducit
434 1427 554 1482 inops
579 1426 756 1467 tremula
781 1425 959 1466 stamina
983 1432 1090 1466 torta
1114 1437 1242 1464 manu

237 1491 440 1544 firmaque
467 1489 681 1531 conductis
708 1488 891 1530 adnectit
916 1488 1011 1529 licia
1036 1487 1127 1529 telis

168 1562 213 1597 80
295 1562 509 1607 tractaque
535 1553 586 1594 de
611 1553 733 1593 niveo
758 1552 910 1593 vellere
937 1551 1063 1592 ducta
1086 1556 1217 1605 putat.

238 1617 346 1658 hanc
371 1616 509 1657 animo
534 1615 745 1671 gaudente
771 1615 912 1656 vident
937 1614 1222 1667 iuvenumque
1248 1617 1439 1653 catervae

294 1686 621 1721 commemorant
647 1678 793 1720 merito
818 1685 878 1719 tot
903 1678 1013 1718 mala
1037 1677 1143 1718 ferre
1169 1690 1328 1717 senem:

236 1742 345 1784 hanc
370 1743 517 1785 Venus
543 1757 595 1783 ex
620 1742 703 1783 alto
729 1742 896 1783 flentem
922 1739 1111 1781 sublimis
1139 1737 1326 1793 Olympo

296 1813 457 1862 spectat
482 1813 523 1847 et
547 1805 685 1846 infidis
710 1819 838 1858 quam
864 1804 915 1845 sit
945 1803 1096 1845 acerba
1120 1810 1273 1844 monet.

167 1879 212 1913 85
238 1868 342 1911 haec
368 1869 457 1910 aliis
483 1868 705 1910 maledicta
730 1868 899 1909 cadant:
925 1882 1015 1916 nos,
1042 1866 1180 1916 Delia,
1207 1863 1359 1906 amoris

295 1933 533 1987 exemplum
559 1947 664 1973 cana
689 1931 819 1972 simus
844 1938 1021 1984 uterque
1046 1944 1177 1971 coma.

865 2158 966 2202 VII.

237 2248 365 2288 Hunc
390 2247 577 2289 cecinere
603 2245 712 2288 diem
738 2244 899 2286 Parcae
925 2244 1068 2286 fatalia
1091 2250 1236 2286 nentes

293 2311 485 2359 stamina,
511 2325 595 2351 non
621 2309 694 2350 ulli
720 2308 988 2349 dissoluenda
1014 2307 1110 2348 deo:

235 2373 347 2414 hunc
372 2372 475 2423 fore,
501 2372 736 2426 Aquitanas
762 2378 902 2427 posset
927 2370 998 2424 qui
1024 2370 1199 2411 fundere
1223 2376 1384 2424 gentes,

292 2450 417 2490 quem
443 2442 637 2477 tremeret
662 2434 759 2475 forti
785 2433 913 2475 milite
939 2433 1074 2474 victus
1098 2433 1224 2473 Atax.

189 2510 210 2545 5
235 2514 429 2541 evenere:
456 2513 586 2540 novos
611 2498 744 2552 pubes
772 2497 963 2539 Romana
988 2495 1220 2550 triumphos

292 2562 395 2603 vidit
420 2569 460 2603 et
486 2561 672 2603 evinctos
698 2560 896 2601 bracchia
923 2566 1046 2614 capta
1074 2557 1223 2600 duces:

235 2633 274 2666 at
300 2633 340 2665 tc
366 2625 555 2666 victrices
581 2624 735 2672 lauros,
761 2622 976 2669 Messalla,
1003 2628 1219 2675 gerentem

291 2689 484 2744 portabat
508 2688 640 2730 niveis
667 2702 812 2729 currus
839 2686 1022 2728 eburnus
1050 2685 1181 2739 equis.
