1715 2844
289 126 343 171 10
901 140 1024 176 13.4

218 223 263 258 85
286 220 391 262 haec
415 219 492 262 tibi
516 220 692 263 fabellas
717 221 870 264 referat
898 223 1117 278 positaque
1141 222 1311 266 lucerna

344 284 525 326 deducat
550 285 674 340 plena
699 285 877 327 stamina
901 287 1030 342 longa
1054 286 1170 327 colu:

287 354 331 388 at
356 347 467 388 circa
490 348 690 402 gravibus
716 349 856 403 pensis
882 349 1021 390 adfixa
1044 349 1184 404 puella

343 410 546 464 paulatim
571 425 717 452 somno
742 410 855 453 fessa
878 412 1062 453 remittat
1087 427 1205 467 opus.

285 479 385 514 tunc
411 473 576 514 veniam
602 473 754 523 subito,
780 489 859 516 nec
883 475 1104 528 quisquam
1130 475 1292 517 nuntiet
1317 481 1427 526 ante,

217 543 262 577 90
343 535 416 577 sed
442 536 585 577 videar
610 537 723 578 caelo
748 536 899 578 missus
925 537 1071 579 adesse
1096 537 1184 579 tibi.

285 606 385 640 tunc
411 598 526 648 mihi,
553 599 687 653 qualis
713 600 807 649 eris,
834 600 981 654 longos
1008 600 1174 642 turbata
1199 601 1384 656 capillos,

344 661 470 703 obvia
494 662 668 712 nudato,
694 662 834 712 Delia,
861 678 980 704 curre
1004 663 1124 718 pede.

285 724 364 766 hoc
390 740 552 781 precor,
578 725 691 767 hunc
715 725 833 766 illum
858 725 979 767 nobis
1005 727 1174 767 Aurora
1197 727 1400 769 nitentem

342 788 592 831 Luciferum
618 788 747 831 roseis
773 789 952 831 candida
975 796 1112 844 portet
1138 790 1267 844 equis.

924 1013 1004 1057 IV.

285 1109 378 1152 ‘Sic
402 1109 601 1151 umbrosa
625 1109 702 1151 tibi
727 1108 971 1165 contingant
996 1115 1118 1159 tecta,
1144 1109 1313 1165 Priape,

338 1189 392 1215 ne
418 1173 544 1228 capiti
570 1173 692 1222 soles,
718 1187 771 1214 ne
795 1180 1056 1227 noceantque
1082 1172 1217 1213 nives:
1267 1193 1283 1200 ·

283 1252 391 1291 quae
417 1244 490 1278 tua
514 1237 719 1278 formosos
747 1236 857 1291 cepit
882 1235 1089 1278 sollertia?
1114 1243 1225 1277 certe

339 1315 422 1341 non
448 1299 524 1341 tibi
549 1299 680 1340 barba
704 1299 820 1348 nitet,
845 1313 929 1339 non
955 1298 1031 1339 tibi
1056 1298 1169 1340 culta
1193 1313 1313 1339 coma
1337 1305 1414 1349 est,

237 1370 260 1404 5
283 1363 423 1404 nudus
448 1371 488 1404 et
512 1363 712 1404 hibernae
737 1362 933 1417 producis
959 1361 1118 1417 frigora
1142 1361 1330 1411 brumae,

341 1426 480 1467 nudus
509 1433 549 1467 et
574 1425 721 1467 aestivi
747 1433 936 1480 tempora
961 1425 1070 1466 sicca
1095 1424 1234 1465 canis.’

283 1489 342 1531 sic
367 1504 464 1544 ego:
491 1496 580 1529 tum
605 1488 764 1529 Bacchi
789 1488 1003 1542 respondit
1027 1487 1182 1528 rustica
1207 1487 1344 1542 proles

340 1559 523 1594 armatus
550 1566 678 1592 curva
703 1551 762 1592 sic
786 1550 887 1591 mihi
912 1550 1018 1592 falce
1044 1550 1160 1592 deus.

283 1620 326 1657 ‘o
352 1616 453 1671 fuge
479 1623 519 1657 te
544 1622 712 1656 tenerae
736 1628 962 1669 puerorum
988 1613 1156 1655 credere
1180 1613 1345 1656 turbae:

213 1688 258 1722 10
341 1694 439 1720 nam
465 1693 635 1719 causam
660 1677 757 1718 iusti
782 1691 947 1731 semper
972 1677 1123 1718 amoris
1149 1676 1317 1717 habent.

282 1741 349 1782 hic
374 1742 524 1796 placet,
550 1739 738 1795 angustis
764 1739 876 1793 quod
902 1754 1056 1793 equum
1081 1739 1307 1794 compescit
1332 1738 1524 1780 habenis:

339 1804 406 1845 hic
431 1803 640 1858 placidam
665 1803 788 1843 niveo
814 1810 983 1858 pectore
1009 1802 1125 1857 pellit
1150 1816 1321 1856 aquam:

281 1867 362 1916 hic,
389 1867 489 1920 quia
515 1866 632 1907 fortis
658 1866 776 1907 adest
801 1865 992 1915 audacia,
1019 1865 1146 1920 cepit:
1173 1873 1213 1905 at
1238 1864 1297 1905 illi

340 1930 553 1985 virgineus
579 1937 743 1971 teneras
769 1936 850 1970 stat
875 1928 1010 1983 pudor
1035 1935 1131 1969 ante
1156 1942 1298 1982 genas.

213 2001 257 2035 15
281 1993 355 2035 scd
380 2008 432 2034 ne
458 2000 498 2034 te
523 1992 703 2047 capiant,
730 1991 863 2047 primo
889 1992 924 2032 si
949 1991 1056 2032 forte
1080 1990 1266 2045 negabit,

339 2056 494 2097 taedia:
521 2055 724 2110 paulatim
749 2054 828 2095 sub
853 2055 953 2110 iuga
978 2054 1085 2096 colla
1110 2053 1236 2094 dabit.

280 2119 408 2174 longa
433 2118 520 2159 dics
546 2117 705 2158 homini
730 2117 870 2159 docuit
894 2132 1040 2172 parere
1065 2117 1221 2165 leones,

338 2183 465 2236 longa
490 2181 576 2222 dics
603 2180 717 2222 molli
742 2196 844 2221 saxa
867 2180 1028 2235 peredit
1053 2193 1179 2233 aqua:

281 2260 414 2286 annus
439 2244 480 2284 in
507 2243 656 2299 apricis
683 2250 864 2284 maturat
889 2243 1063 2284 collibus
1089 2256 1208 2291 uvae,

213 2312 258 2346 20
340 2323 474 2349 annus
500 2307 587 2361 agit
612 2314 725 2348 certa
749 2306 888 2347 lucida
914 2306 1035 2361 signa
1059 2304 1162 2346 vice.

281 2386 359 2413 nec
385 2371 521 2411 iurare
547 2370 665 2411 time:
694 2369 870 2412 Veneris
896 2368 1077 2424 periuria
1101 2367 1214 2409 venti

335 2433 450 2474 irrita
474 2447 549 2487 per
573 2440 702 2474 terras
728 2440 768 2474 ct
793 2432 899 2473 freta
924 2446 1087 2473 summa
1111 2430 1261 2472 ferunt.

281 2496 415 2551 ¹qratia
440 2511 595 2550 magna
619 2495 729 2536 Iovi:
756 2495 887 2536 vetuit
911 2501 1029 2549 pater
1054 2493 1142 2548 ipse
1167 2493 1320 2543 valere,

336 2559 514 2600 iurasset
540 2557 690 2612 cupide
715 2557 919 2611 quidquid
944 2557 1110 2611 ineptus
1135 2570 1269 2597 amor:

210 2627 254 2661 235
280 2637 436 2678 perque
463 2636 559 2662 suas
585 2621 756 2675 impune
781 2620 878 2661 sinit
903 2620 1118 2674 Dictynna
1143 2619 1314 2674 sagittas

336 2685 543 2734 adfirmes,
570 2683 702 2725 crines
728 2697 885 2738 perque
910 2682 1105 2725 Minerva
1129 2695 1239 2725 SUOS.
