1667 2909
567 144 810 173 TESTIMONIA
827 144 1007 177 ANHQUA

150 222 258 266 grata
274 218 508 265 superveniet
523 228 618 264 quae
634 229 707 254 non
723 218 929 264 sperabitur
945 218 1044 253 hora.

151 277 210 300 me
227 265 288 311 pin
345 275 402 300 em
418 268 456 300 et
469 265 626 300 nitidum
641 264 736 299 bene
753 267 880 299 curata.
897 267 978 297 cute
995 264 1101 308 vises,

151 322 234 346 cum
249 311 281 346 ri
309 321 370 346 ere
384 310 496 355 voles,
511 309 664 356 Epicuri
680 309 726 344 de
743 320 857 357 grege
874 320 1034 355 porcum.

59 378 251 415 Ovidius
266 378 391 414 Amor.
409 378 468 414 ΠΙ
484 378 507 414 9

151 447 347 483 Memnona
363 446 394 482 si
410 450 538 492 mater,
554 449 672 481 mater
687 445 844 492 ploravit
860 445 1042 482 Achillem

197 497 234 528 et
248 496 406 540 tangunt
421 503 574 538 magnas
590 491 711 526 tristia
727 491 806 526 fata
823 492 924 536 deas,

151 538 286 584 flebilis
302 538 484 584 indignos,
502 537 656 584 elegeia‚
674 537 772 572 solve
790 538 958 583 capillos:

196 595 219 619 a
233 584 340 619 nimis
358 595 402 618 ex
416 593 502 618 vero
518 594 614 618 nunc
630 583 699 618 tibi
714 594 845 618 nomen
863 583 943 618 erit.

148 628 212 665 ine
227 629 283 664 tui
298 634 400 664 vates
417 629 548 675 operis,
565 633 629 664 tua
645 629 755 672 fama,
774 629 957 673 Tibullus,

195 675 302 710 ardet
314 675 353 710 in
370 679 563 719 exstructo,
582 686 710 720 corpus
726 674 846 719 inane,
865 686 964 721 rogo.

151 731 236 756 ecce
253 731 345 773 puer
361 720 515 756 Veneris
531 720 603 755 fert
619 732 854 766 eversamque
871 721 1081 766 pharetram

196 770 233 802 et
249 768 385 802 tractos
402 777 508 801 arcus
525 770 562 801 et
578 766 655 801 sine
673 767 752 801 luce
770 767 900 801 facem.

149 811 287 858 aspice,
305 812 471 847 demissis
487 816 528 847 ut
545 817 605 847 eat
621 812 839 846 miserabilis
856 812 923 846 alis

194 862 419 903 pectoraque
435 857 571 892 infesta
585 859 716 892 tundat
733 862 862 903 aperta
878 870 998 893 manu.

150 903 336 949 excipiunt
351 904 519 938 lacrimas
536 904 654 950 sparsi
670 915 736 949 per
753 904 846 938 colla
863 904 999 949 capilli,

196 960 332 994 oraque
349 950 510 996 singultu
527 949 755 985 concutiente
773 955 912 984 sonant.

149 993 275 1030 fratris
291 995 329 1030 in
345 995 495 1030 Aeneae
512 995 564 1030 sic
580 995 683 1030 illum
700 995 827 1029 funere
846 996 972 1030 dicunt

196 1051 384 1087 egressum
399 1041 518 1085 tectis,
535 1042 686 1087 pulcher
702 1041 793 1085 Iule,
811 1041 893 1075 tuis.

148 1097 217 1122 nec
233 1087 351 1121 minus
369 1090 425 1122 est
440 1086 591 1122 confusa
609 1088 732 1122 Venus
749 1087 924 1122 moriente
943 1087 1103 1132 Tibullo,

197 1142 307 1177 quam
323 1132 447 1167 iuveni
462 1132 562 1178 rupit
578 1144 659 1167 cum
676 1133 775 1167 ferus
791 1133 928 1178 inguen
945 1144 1044 1178 aper.

150 1182 190 1212 at
205 1178 299 1212 sacri
315 1182 417 1212 vates
435 1182 472 1212 et
488 1179 611 1213 divum
628 1190 714 1213 cura
730 1189 915 1213 vocamur:

195 1227 280 1258 sunt.
295 1223 406 1258 etiam
421 1224 486 1268 qui
502 1235 566 1259 nos
582 1235 714 1258 numen
731 1224 867 1259 habere
885 1228 1025 1269 putent.

151 1268 294 1304 scilicet
309 1280 415 1304 omne
432 1280 574 1304 sacrum
591 1281 686 1304 mors
702 1270 908 1315 importuna
925 1270 1108 1316 profanat,

196 1314 362 1349 omnibus
378 1315 550 1350 obscuras
566 1315 669 1350 inicit
682 1315 746 1349 illa
763 1327 901 1350 manus.

150 1361 238 1406 quid
254 1363 359 1405 pater
374 1360 538 1405 Ismario,
556 1361 643 1406 quid
660 1365 776 1395 mater
792 1361 940 1406 profuit,
958 1361 1131 1407 Orpheo?

196 1405 354 1440 carmine
372 1406 460 1452 quid
476 1407 590 1441 victas
607 1407 825 1452 obstipuisse
844 1407 965 1441 feras?

149 1451 306 1486 Aelinon
323 1452 360 1486 in
377 1452 475 1486 silvis
491 1452 589 1487 idem
605 1457 723 1498 pater,
740 1453 898 1487 Aelinon
916 1453 998 1487 altis

195 1496 330 1536 dicitur
345 1497 460 1532 invita
476 1498 701 1533 concinuisse
718 1499 809 1544 lyra.

147 1542 254 1577 adice
271 1542 502 1587 Maeoniden,
519 1555 542 1578 a
559 1555 629 1589 quo
647 1555 714 1579 ceu
730 1545 830 1579 fonte
847 1545 999 1590 perenni

192 1592 315 1622 vatum
330 1588 464 1623 Pieriis
481 1599 544 1624 ora
560 1590 726 1635 rigantur
742 1590 863 1636 aquis:

147 1633 245 1668 hunc
262 1645 404 1679 quoque
421 1646 560 1670 summa
577 1636 655 1670 dies
672 1636 776 1682 nigro
795 1636 989 1671 submersit
1004 1637 1167 1671 Averno:

194 1679 391 1725 diffugiunt
406 1680 532 1715 avidos
550 1681 709 1716 carmina
727 1683 803 1716 sola
819 1693 935 1727 rogos.

149 1724 256 1759 durat
273 1735 364 1770 opus
379 1730 515 1769 vatum,
533 1727 684 1761 Troiani
703 1728 800 1762 fama
816 1727 952 1762 laboris

192 1771 371 1816 tardaque
387 1776 561 1806 nocturno
577 1773 652 1807 tela
668 1778 808 1807 retexta
825 1774 925 1808 dolo:

145 1816 199 1851 sic
215 1816 382 1851 Nemesis
399 1817 558 1863 longum,
577 1818 629 1853 sic
645 1818 755 1853 Delia
772 1830 901 1853 nomen
918 1818 1118 1863 habebunt,

191 1862 307 1896 altera
323 1873 410 1897 cura
425 1874 562 1907 recens,
580 1864 695 1898 altera
712 1864 847 1909 primus
865 1875 976 1898 amor.

145 1907 233 1953 quid
250 1918 313 1942 vos
330 1918 434 1942 sacra
448 1908 597 1943 iuvant?
614 1910 700 1955 quid
718 1921 812 1944 nunc
829 1910 1017 1956 Aegyptia
1033 1914 1185 1955 prosunt

190 1952 322 1987 sistra?
339 1953 427 1997 quid
443 1954 481 1988 in
497 1965 611 1990 vacuo
628 1955 836 1990 secubuisse
853 1958 956 1990 toro?

145 2008 228 2033 cum
244 1999 392 2044 rapiunt
407 2000 504 2034 mala
521 2000 599 2035 fata
616 2001 739 2044 bonos,
758 2022 801 2026 —
818 2001 997 2047 ignoscite
1015 2001 1113 2035 fasso
1129 2022 1173 2026 —

190 2044 364 2079 sollicitor
379 2045 496 2080 nullos
514 2056 592 2080 esse
609 2050 738 2092 putare
756 2047 853 2082 deos.

143 2089 225 2124 vive
241 2090 340 2136 pius:
358 2091 510 2126 moriere
528 2092 620 2136 pius.
655 2092 731 2127 cole
750 2104 868 2127 sacra:
888 2093 1066 2128 colentem

189 2146 284 2170 mors
300 2136 423 2182 gravis
439 2148 461 2171 a
477 2137 622 2182 templis
639 2138 676 2172 in
694 2149 783 2172 cava
799 2139 906 2173 busta
922 2139 1053 2173 trahet.

144 2181 363 2216 carminibus
380 2181 522 2217 confide
539 2183 660 2217 bonis:
677 2183 773 2218 iacet
790 2195 873 2219 ecce
892 2184 1078 2219 Tibullus:

189 2226 248 2260 vix
263 2231 386 2262 manet
402 2238 422 2262 e
438 2231 526 2265 toto,
545 2239 657 2273 parva
674 2230 768 2274 quod
787 2241 877 2264 urna
894 2231 1003 2275 capit.

144 2273 240 2315 tene,
257 2283 360 2307 sacer
374 2276 487 2316 vates,
506 2273 673 2309 flammae
691 2287 843 2320 rapuere
862 2276 1007 2321 rogales

190 2317 397 2362 pectoribus
413 2319 515 2364 pasci
531 2331 600 2354 nec
616 2320 769 2356 timuere
786 2321 884 2355 tuis‘?

146 2371 256 2396 aurea
271 2368 474 2398 sanctorum
492 2365 694 2409 potuissent
709 2368 846 2412 templa
863 2368 1011 2402 deorum

189 2417 305 2452 urere,
321 2419 414 2454 quae
431 2414 573 2444 tantum
590 2413 790 2447 sustinuere
808 2414 921 2446 nefas.

145 2452 276 2487 avertit
291 2455 422 2498 vultus,
440 2455 569 2501 Erycis
586 2467 678 2501 quae
696 2458 858 2503 possidet
875 2469 994 2493 arces:

190 2501 273 2532 sunt
289 2509 443 2545 quoque,
461 2501 523 2546 qui
540 2502 707 2537 lacrimas
725 2504 944 2538 continuisse
962 2509 1109 2549 negant.

144 2542 210 2596 set}
224 2547 345 2578 tamen
361 2545 429 2581 hoc
444 2547 584 2591 melius,
603 2559 710 2593 quam
728 2549 758 2583 si
774 2549 963 2584 Phaeacia
979 2551 1087 2585 tellus

189 2592 354 2635 ignotum
370 2591 432 2625 vili
449 2595 700 2638 supposuisset
715 2595 834 2629 humo.

142 2633 230 2670 hinc
246 2639 342 2669 certe
359 2637 523 2672 madidos
540 2639 713 2684 fugientis
730 2641 860 2685 pressit
879 2640 1010 2675 ocellos

187 2684 305 2716 mater
321 2681 410 2717 etin
426 2682 565 2724 cineres
579 2685 709 2721 ultima
726 2687 820 2722 dona
837 2686 934 2721 tulit:

1419 137 1506 167 XXI

1439 260 1484 296 15

1440 858 1486 894 10

1439 1087 1484 1122 15

1437 1315 1484 1352 20

1435 1547 1481 1581 25

1431 2234 1476 2270 40

1428 2463 1474 2496 45

1426 2690 1471 2727 50
