1715 2844
340 109 400 155 54·
889 119 946 156 111
964 120 1007 156 12
1033 120 1100 165 (iv
1115 120 1150 165 6)

248 258 339 295 1V6

270 907 315 942 10

271 1222 315 1257 15

269 1538 315 1573 20

964 249 1074 290 XII.

395 329 560 371 Natalis
584 330 706 380 Iuno,
732 337 897 372 sanctos
923 345 1026 385 cape
1052 328 1155 371 turis
1182 343 1370 379 acervos,

455 408 560 447 quos
586 394 661 434 tibi
687 393 759 434 dat
783 401 926 435 tenera
951 393 1072 434 docta
1096 392 1238 447 puella
1262 407 1403 433 manu.

396 463 483 498 tota
507 456 583 497 tibi
609 463 670 497 est
695 455 832 506 hodie,
859 456 934 497 tibi
960 471 1004 498 se
1029 455 1257 497 laetissima
1282 454 1473 510 compsit,

454 526 582 560 staret
608 526 653 560 ut
678 526 774 561 ante
799 526 892 560 tuos
919 518 1215 574 conspicienda
1239 517 1368 560 focos.

396 581 467 623 illa
492 581 664 636 quidem
690 582 866 623 ornandi
891 596 1040 623 causas
1065 581 1154 630 tibi,
1181 580 1292 630 diva,
1318 581 1496 635 relegat:

454 653 516 686 est
541 652 696 694 tamen,
723 645 885 686 occulte
911 643 977 686 cui
1003 644 1211 699 placuisse
1237 642 1349 684 velit.

396 714 438 750 at
462 715 521 757 tu,
548 716 707 757 sancta,
733 707 843 757 fave,
868 722 951 750 neu
977 706 1070 760 quis
1097 706 1267 747 divellat
1292 712 1493 755 amantes,

453 771 527 812 sed
551 771 692 813 iuveni
717 785 875 825 quaeso
900 777 1048 811 mutua
1072 769 1211 810 vincla
1234 784 1349 824 para.

396 833 455 875 sic
481 834 586 876 bene
613 848 858 889 compones:
885 834 995 875 ullae
1019 846 1102 873 non
1126 832 1195 873 ille
1221 831 1385 887 puellae

454 897 609 939 servire
635 904 706 938 aut
731 897 927 951 cuiquam
953 895 1119 950 dignior
1142 895 1214 936 illa
1238 894 1340 935 viro.

395 975 473 1002 nec
498 959 629 1015 possit
654 960 829 1015 cupidos
855 959 1034 1015 vigilans
1060 957 1318 1013 deprendere
1344 964 1497 1007 custos,

453 1023 710 1076 fallendique
734 1023 823 1064 vias
848 1022 961 1063 mille
987 1021 1193 1062 ministret
1217 1021 1365 1062 Amor.

396 1086 534 1128 adnue
560 1100 858 1141 purpureaque
883 1084 979 1126 veni
1004 1083 1221 1139 perlucida
1245 1083 1377 1138 palla:

452 1157 515 1191 ter
539 1149 616 1190 tibi
640 1149 687 1190 fit
710 1149 811 1198 libo,
837 1155 913 1198 ter,
940 1147 1020 1189 dea
1045 1153 1173 1196 casta,
1198 1160 1326 1187 mero.

396 1212 624 1268 praecipiat
648 1219 773 1254 natae
798 1218 932 1253 mater
957 1210 1158 1259 studiosa,
1185 1209 1299 1263 quod
1323 1214 1455 1263 optet:

453 1276 525 1317 illa
550 1275 664 1317 aliud
688 1275 827 1324 tacita,
854 1274 937 1316 iam
963 1289 1052 1323 sua,
1079 1280 1219 1314 mente
1243 1279 1378 1327 rogat.

397 1339 542 1387 uritur,
568 1345 615 1379 ut
640 1338 794 1380 celeres
819 1344 947 1378 urunt
972 1335 1119 1377 altaria
1149 1335 1356 1383 flammae,

452 1417 545 1451 nec,
570 1401 693 1442 liceat
718 1400 925 1455 quamvis,
952 1414 1054 1441 sana
1078 1398 1207 1439 fuisse
1233 1397 1342 1438 velit.

397 1464 465 1514 sis,
491 1466 609 1512 Iuno,
636 1470 770 1519 grata,
796 1460 889 1518 <ut,>
914 1461 1053 1503 veniet
1078 1475 1173 1502 cum
1198 1458 1414 1515 proximus
1439 1473 1587 1508 annus,

453 1527 521 1569 hic
545 1527 657 1569 idem
683 1525 790 1569 votis
815 1525 899 1567 iam
924 1532 1045 1567 vetus
1072 1525 1178 1566 adsit
1203 1537 1331 1564 amor.
