1667 2909
636 564 769 608 XIX.

76 671 206 714 Nulla
230 678 351 712 tuum
376 669 499 711 nobis
526 668 731 710 subducet
757 666 914 709 femina
938 667 1111 708 lectum:

134 734 214 776 hoc
237 734 422 789 primum
446 733 588 773 iuncta
613 739 673 773 est
699 730 869 772 foedere
894 738 1038 771 nostra
1063 732 1223 772 Venus.

77 805 124 839 tu
148 797 252 838 mihi
278 796 366 838 sola
390 795 545 851 places,
571 809 649 836 nee
674 794 758 835 iam
783 802 823 835 te
848 803 1012 848 praeter
1036 793 1078 834 in
1103 794 1208 834 urbe

131 859 317 901 formosa
343 867 404 900 est
430 858 561 900 oculis
586 857 671 898 ulla
696 857 836 912 puella
861 856 977 897 meis.

77 930 202 976 atque
227 923 388 963 utinam
412 935 556 976 posses
581 920 654 961 uni
679 919 781 961 mihi
806 919 916 960 bella
941 918 1091 960 videri!

134 985 355 1040 displiceas
381 984 492 1026 aliis:
519 984 578 1025 sic
604 998 683 1039 ego
708 992 823 1024 tutus
849 997 932 1024 ero.

77 1048 136 1090 nil
161 1063 266 1104 opus
290 1047 448 1089 invidia
473 1055 547 1097 est,
574 1046 722 1102 procul
748 1046 856 1087 absit
880 1045 1014 1101 gloria
1040 1044 1175 1100 vulg-i:

133 1112 205 1166 qui
231 1111 352 1167 sapit,
377 1111 421 1151 in
446 1110 572 1152 tacito
598 1109 781 1165 gaudeat
807 1109 874 1150 ille
902 1108 1008 1149 sinu.

77 1174 137 1216 sic
162 1189 241 1230 ego
267 1174 436 1216 seeretis
461 1188 632 1228 possum
658 1173 764 1214 bene
790 1172 930 1213 vivere
957 1170 1084 1220 silvis,

133 1251 218 1292 qua
242 1237 359 1278 nulla
382 1237 567 1278 humano
594 1236 646 1277 sit
671 1236 739 1277 via
764 1235 860 1276 trita
886 1235 1005 1289 pede.

77 1308 123 1341 tu
147 1299 250 1341 mihi
276 1315 471 1342 curarum
495 1299 674 1353 requies,
700 1306 746 1339 tu
771 1306 893 1339 nocte
919 1298 986 1339 vel
1012 1306 1100 1338 atra

134 1363 289 1412 lumen,
316 1371 356 1404 et
380 1363 424 1403 in
449 1362 546 1404 solis
572 1370 618 1403 tu
644 1361 746 1402 mihi
772 1361 895 1401 turba
919 1360 1034 1401 locis.

76 1441 189 1468 nunc
213 1426 310 1468 licet
335 1441 358 1467 e
383 1425 498 1467 caelo
523 1425 711 1466 mittatur
736 1425 870 1465 amica
895 1423 1078 1470 Tibullo,

133 1489 322 1531 mittetur
345 1488 501 1530 frustra
526 1488 776 1541 deficietque
803 1487 961 1529 Venus.

77 1551 157 1594 hoc
180 1552 257 1594 tibi
282 1560 426 1594 sancta
450 1561 547 1593 tuae
572 1551 744 1592 Iunonis
770 1550 942 1591 numina
967 1550 1071 1598 iuro,

134 1629 244 1670 quae
269 1615 357 1656 sola
382 1622 478 1656 ante
503 1615 605 1655 alios
632 1622 693 1655 est
718 1613 820 1654 mihi
845 1628 997 1669 magna
1025 1613 1138 1653 deos.

79 1677 182 1732 quid
205 1677 313 1719 facio
339 1677 535 1719 demens?
560 1677 643 1718 heu
668 1676 750 1718 heu
776 1691 869 1717 mea
894 1676 1070 1731 pignora
1097 1674 1212 1715 cedo.

135 1740 271 1782 iuravi
294 1741 435 1782 stulte:
461 1739 656 1795 proderat
682 1740 759 1780 iste
784 1739 917 1780 timor.

78 1817 192 1845 nunc
216 1810 262 1844 tu
287 1802 405 1844 fortis
432 1803 524 1852 eris,
550 1817 663 1844 nune
689 1811 734 1843 tu
760 1817 826 1843 me
852 1801 1052 1842 audacius
1080 1815 1195 1841 ures:

135 1866 215 1908 hoe
239 1866 401 1922 peperit
426 1865 577 1907 misero
602 1866 772 1921 garrula
797 1865 942 1919 lingua
967 1863 1137 1904 malum.

78 1929 163 1971 iam
187 1929 339 1970 faciam
365 1929 660 1982 quodcumque
687 1928 814 1977 voles,
841 1937 936 1968 tuus
962 1941 1095 1980 usque
1123 1925 1315 1974 manebo,

134 2006 214 2033 nec
238 1991 400 2047 fugiam
426 2000 550 2033 notae
576 1991 791 2032 servitium
819 1990 1025 2037 dominae,

81 2055 156 2097 sed
179 2055 358 2097 Veneris
385 2062 555 2096 sanctae
580 2053 794 2095 considam
820 2053 982 2093 vinctus
1009 2052 1062 2092 ad
1086 2067 1196 2092 aras:

137 2117 241 2160 haec
265 2125 381 2159 notat
406 2117 580 2159 iniustos
606 2116 949 2172 supplicibusque
974 2115 1100 2156 favet.

648 2350 757 2392 XX.

84 2430 245 2472 Rumor
269 2430 327 2471 ait
351 2430 498 2472 crebro
523 2438 709 2472 nostram
733 2444 908 2486 peccare
935 2430 1135 2485 puellam:

139 2507 251 2534 nuno
275 2507 355 2547 ego
379 2509 446 2534 me
472 2494 609 2535 surdis
636 2494 807 2535 auribus
833 2508 922 2534 esse
948 2493 1084 2534 velim.

84 2555 257 2596 crimina
280 2569 362 2596 non
388 2555 491 2598 haec
517 2566 612 2598 sunt
637 2564 778 2598 nostro
805 2556 893 2597 sine
920 2556 1029 2596 faeta
1056 2556 1215 2596 dolore:

141 2617 241 2671 quid
265 2617 462 2659 miserum
487 2628 672 2673 torques,
697 2633 840 2660 rumor
864 2618 1039 2659 acerbe?
1067 2628 1169 2659 tace.

1361 574 1416 611 IV
1429 575 1474 609 13

1411 1239 1454 1274 10

1410 1556 1454 1591 15

1409 1871 1453 1905 20

1366 2360 1418 2395 IV
1435 2360 1478 2395 14
