1667 2909
618 157 676 193 111
700 158 720 193 7
745 157 812 202 (IV
836 158 870 202 1)

64 254 144 282 neo
169 240 352 283 violenta
377 255 452 282 suo
478 239 737 294 consumpsit
761 255 876 281 more
903 238 1158 295 Charybdis,

16 354 18 356 v
65 303 133 345 vel
158 303 193 344 si
218 303 406 345 sublimis
430 303 560 345 fluctu
585 309 856 357 consurgeret
880 302 978 352 imo,

65 366 132 407 vel
157 366 192 407 si
215 366 446 421 interrupto
471 365 648 407 nudaret
672 364 841 420 gurgite
865 372 1055 420 pontum.

64 443 150 470 non
174 428 329 470 violata
352 428 450 484 vagi
475 428 678 470 sileantur
701 442 860 482 pascua
886 426 1012 477 Solis,

64 506 150 532 non
174 506 290 532 amor
314 498 355 533 et
378 491 561 533 fecunda
587 490 830 532 Atlantidos
856 506 957 532 arva
982 489 1209 546 Calypsus,

64 554 159 596 finis
185 562 225 596 et
250 554 399 596 erroris
425 554 566 596 miseri
590 553 804 595 Phaeacia
827 554 964 596 tellus.

64 624 191 672 atque
214 617 318 659 haec
342 632 417 660 seu
440 625 602 659 nostras
626 617 734 658 inter
759 625 856 658 sunt
880 617 1049 673 cognita
1073 624 1218 668 terras,

64 680 209 721 fabula
232 679 320 722 sive
344 695 503 721 novum
527 680 643 722 dedit
666 679 730 721 his
757 680 968 721 erroribus
995 680 1153 730 orbem,

64 743 119 785 sit
142 743 261 784 labor
285 742 410 793 illius,
436 751 509 785 tua
534 743 634 784 dum
659 743 871 792 facundia,
897 743 1041 785 maior.

120 808 203 847 iam
226 813 268 847 te
291 820 377 847 non
401 806 508 848 alius
533 806 632 848 belli
656 814 769 848 tenet
794 806 932 861 aptius
958 815 1082 856 artes,

63 883 149 924 qua
173 868 319 911 deceat
343 877 476 911 tutam
503 870 648 911 castris
673 870 929 924 praeducere
955 870 1126 919 fossam,

64 931 243 987 qualiter
269 932 467 974 adversos
493 932 603 974 hosti
629 933 813 988 defigere
839 947 1000 982 cervos,

60 1010 244 1050 quemve
267 996 407 1037 locum
432 996 558 1038 ducto
583 996 732 1037 melius
759 996 811 1037 sit
838 996 1033 1037 claudere
1057 996 1183 1045 vallo,

61 1058 249 1100 fontibus
274 1066 321 1099 ut
345 1059 489 1100 dulces
516 1067 708 1114 erumpat
732 1067 842 1100 terra
866 1059 1064 1113 liquores,

62 1129 111 1164 ut
133 1121 352 1176 facilisque
377 1122 460 1163 tuis
486 1122 623 1163 aditus
650 1122 703 1163 sit
728 1130 769 1163 et
794 1122 949 1163 arduus
975 1122 1100 1172 hosti,

61 1185 200 1227 laudis
224 1192 266 1226 et
290 1185 467 1226 adsiduo
492 1185 634 1241 vigeat
659 1186 884 1227 certamine
909 1185 1043 1235 miles,

63 1247 157 1302 quis
182 1247 398 1290 tardamve
423 1248 572 1289 sudem
597 1249 746 1290 melius
772 1249 1004 1290 celeremve
1035 1249 1230 1304 sagittam

61 1310 207 1353 iecerit
232 1318 305 1352 aut
327 1311 440 1352 lento
464 1311 714 1366 perfregerit
739 1312 865 1353 obvia
889 1312 988 1367 pilo,

63 1382 137 1416 aut
161 1373 254 1428 quis
280 1388 437 1428 equum
462 1375 694 1416 celeremve
719 1382 808 1416 arto
834 1389 1100 1430 compescere
1125 1375 1244 1417 freno

61 1437 195 1493 possit
219 1444 260 1478 et
285 1437 440 1478 effusas
466 1437 585 1478 tardo
611 1438 851 1493 permittere
877 1438 1064 1479 habenas

61 1500 191 1555 inque
216 1499 351 1542 vicem
375 1499 500 1542 modo
524 1500 682 1542 directo
708 1502 958 1543 contendere
982 1516 1124 1557 passu,

63 1578 138 1605 seu
161 1562 303 1611 libeat,
331 1577 459 1605 curvo
484 1563 655 1605 brevius
681 1573 899 1606 convertere
924 1579 1043 1619 ger,

62 1625 156 1681 quis
180 1640 339 1681 parma,
365 1641 440 1668 seu
465 1626 611 1668 dextra
635 1627 736 1669 velit
761 1643 835 1669 seu
859 1628 994 1677 laeva,
1020 1628 1141 1677 tueri,

63 1689 150 1731 sive
175 1688 254 1730 hac
279 1689 365 1731 sive
390 1690 485 1731 illac
510 1689 650 1731 veniat
675 1691 816 1745 gravis
841 1691 1024 1746 impetus
1053 1690 1198 1733 hastae

62 1752 252 1808 amplior,
278 1760 349 1794 aut
373 1752 538 1808 signata
563 1753 644 1794 cita
668 1753 761 1795 loca
785 1761 959 1808 tangere
984 1754 1129 1795 funda.

60 1815 145 1856 iam
171 1815 294 1856 simul
319 1815 489 1856 audacis
515 1816 684 1857 venient
709 1817 939 1858 certamina
964 1817 1129 1865 Martis,

61 1878 332 1932 adversisque
356 1886 504 1933 parent
529 1879 639 1920 acies
666 1893 913 1921 concurrere
939 1880 1083 1934 signis,

61 1948 151 1982 tum
175 1941 251 1982 tibi
274 1956 359 1982 non
382 1941 490 1982 desit
514 1941 665 1984 faciem
690 1957 939 1997 componere
964 1959 1147 1998 pugnae,

62 2017 137 2046 seu
161 2003 213 2045 sit
237 2018 342 2059 opus
367 2003 622 2058 quadratum
647 2005 757 2046 acies
784 2006 983 2046 consistat
1007 2006 1049 2046 in
1075 2021 1241 2061 agmen,

60 2074 198 2108 rectus
224 2075 270 2107 ut
296 2067 486 2121 aequatis
514 2067 708 2108 decurrat
733 2067 941 2109 frontibus
969 2068 1083 2117 ordo,

61 2143 135 2170 seu
159 2129 286 2170 libeat
311 2129 523 2184 duplicem
549 2130 770 2171 seiunctim
797 2146 966 2172 cernere
992 2131 1190 2181 Martem,

62 2191 207 2233 dexter
230 2192 291 2232 uti
315 2191 483 2234 laevum
508 2200 648 2234 teneat
673 2193 951 2247 dextrumque
977 2194 1141 2236 sinister

61 2253 180 2296 miles
205 2254 343 2308 sitque
368 2255 524 2310 duplex
548 2256 705 2310 gemini
730 2256 903 2297 victoria
928 2271 1063 2299 casus,

120 2324 161 2358 at
184 2331 268 2358 non
293 2333 368 2372 per
393 2317 543 2359 dubias
570 2327 709 2360 errant
734 2335 828 2361 mea
853 2320 1039 2361 carmina
1063 2320 1228 2361 laudes:

62 2393 159 2420 nam
184 2379 305 2421 bellis
332 2389 504 2436 experta
530 2396 647 2422 cano.
696 2382 814 2423 testis
841 2382 942 2423 mihi
968 2383 1103 2424 victae

61 2441 179 2483 fortis
205 2442 406 2496 Iapydiae
430 2443 564 2493 miles,
590 2444 707 2486 testis
733 2459 900 2499 quoque
925 2445 1053 2486 fallax

61 2502 321 2553 Pannonius,
347 2505 506 2559 gelidas
532 2507 688 2561 passim
715 2507 912 2548 disiectus
937 2507 979 2547 in
1005 2508 1137 2562 Alpes

62 2565 180 2607 testis
205 2567 409 2621 Arupinis
434 2575 473 2609 et
498 2584 658 2624 pauper
682 2578 805 2611 natus
832 2570 871 2610 in
900 2569 1022 2617 arvis,

62 2641 187 2682 quem
213 2628 246 2669 si
272 2629 365 2682 quis
391 2630 530 2672 videat
556 2640 677 2673 vetus
703 2641 747 2673 ut
773 2647 856 2673 non
882 2632 1052 2686 fregerit
1079 2640 1205 2683 aetas,

62 2696 182 2733 terna
204 2691 342 2733 minus
368 2692 514 2748 Pyliae
538 2693 713 2736 miretur
737 2695 905 2737 saecula
930 2695 1079 2737 famae.

1368 146 1423 190 47

1452 367 1496 403 75

1452 678 1497 712 80

1454 1316 1498 1349 §³0

1452 1629 1472 1662 f>

1453 1952 1517 1984 IOU

1451 2268 1514 2301 105

1449 2581 1513 2616 110
