1715 2844
327 119 381 161 48
882 129 941 164 ΙΙΙ
966 130 985 164 7
1011 129 1078 175 (IV
1102 131 1136 174 1)

237 214 513 265 112ana1nque
538 227 666 254 senex
690 213 840 268 longae
865 213 1028 268 peragit
1053 212 1155 252 dum
1180 220 1359 268 tempora
1381 213 1496 264 vitae,

328 285 498 316 centum
523 275 726 316 fecundos
751 275 877 316 Titan
901 274 1165 317 renovaverit
1190 289 1334 324 annos,

325 337 418 392 ipse
444 345 584 379 tamen
609 338 733 379 velox
758 338 937 379 celerem
963 353 1088 393 super
1113 337 1238 379 edere
1262 352 1414 393 corpus

238 408 305 443 115
329 400 457 441 audet
481 414 638 454 equum
662 400 896 454 validisque
921 401 1037 442 sedet
1062 400 1300 441 moderator
1323 399 1511 443 habenis.

328 470 369 504 te
395 463 501 504 duce
526 477 611 504 non
636 463 739 504 alias
764 477 991 504 conversus
1017 470 1135 518 terga
1160 463 1351 504 domator

328 525 460 566 libera
485 525 704 567 Romanae
729 526 907 567 subiecit
931 525 1037 567 colla
1061 533 1246 567 catenae.

383 603 461 630 nec
486 596 625 630 tamen
651 589 714 629 his
741 596 959 630 contentus
986 589 1086 630 eris:
1112 588 1271 630 maiora
1294 588 1472 644 peractis

325 651 495 699 instant,
521 659 783 706 compertum
809 658 871 693 est
896 651 1116 693 veracibus
1140 658 1188 692 ut
1211 651 1314 692 mihi
1340 651 1483 706 signis,

235 722 303 756 1:20
328 715 420 768 quis
447 715 759 769 Amythaonius
784 722 968 768 nequeat
994 721 1153 756 certare
1178 713 1433 769 Melampus.

325 793 424 818 nam
448 778 573 818 modo
598 777 830 832 fulgentem
855 777 985 832 Tyrio
1012 777 1278 832 subtegmine
1302 784 1462 819 vestem

325 841 522 882 indueras
548 840 707 882 oriente
734 840 800 882 die
826 840 933 882 duce
958 840 1106 881 fertilis
1133 840 1243 888 anni,

326 903 584 959 splendidior
608 903 778 957 liquidis
805 918 899 944 cum
928 902 1002 945 Sol
1028 910 1154 958 caput
1179 902 1327 944 extulit
1351 902 1474 943 undis

327 974 369 1009 et
393 966 483 1007 fera
509 966 724 1007 discordes
750 973 975 1007 tenuerunt
1000 966 1169 1006 flamina
1194 965 1320 1015 venti,

235 1036 302 1070 125
327 1045 456 1071 curva
486 1044 564 1070 nec
589 1029 786 1070 adsuetos
813 1036 989 1084 egerunt
1014 1028 1188 1070 flumina
1213 1043 1372 1077 cursus,

326 1093 429 1147 quin
453 1092 647 1148 rapidum
672 1092 848 1147 placidis
875 1092 1000 1133 etiam
1025 1107 1140 1133 mare
1166 1091 1349 1132 constitit
1373 1090 1509 1139 undis,

325 1157 412 1198 ulla
435 1170 513 1197 nec
539 1156 672 1197 aerias
699 1155 880 1196 volucris
905 1155 1136 1210 perlabitur
1160 1170 1282 1195 auras

325 1235 403 1262 nec
429 1220 669 1274 quadrupes
696 1218 846 1260 densas
874 1218 1114 1273 depascitur
1139 1233 1288 1273 aspera
1313 1217 1451 1266 silvas,

326 1284 428 1338 quin
453 1283 605 1339 largita
630 1282 711 1323 tuis
737 1288 835 1323 sunt
860 1289 1000 1322 cuncta
1025 1281 1189 1322 silentia
1213 1280 1333 1321 votis.

239 1356 306 1390 130
330 1345 521 1402 Iuppiter
546 1346 636 1400 ipse
660 1344 743 1386 levi
769 1351 914 1385 vectus
940 1359 1015 1398 per
1039 1343 1180 1384 inania
1204 1357 1329 1384 curru

327 1409 463 1451 adfuit
488 1416 529 1450 et
554 1408 670 1449 caelo
696 1407 882 1448 vicinum
908 1406 1028 1460 liquit
1055 1404 1289 1461 Olympum

326 1474 570 1525 intentaque
595 1470 677 1512 tuis
702 1470 899 1525 precibus
925 1485 968 1511 se
994 1469 1188 1524 praebuit
1213 1484 1312 1510 aure

328 1542 563 1589 cunctaque
589 1533 728 1575 veraci
754 1533 890 1588 capite
916 1532 1080 1573 adnuit:
1107 1532 1272 1573 additus
1298 1531 1379 1572 aris

327 1599 474 1640 laetior
500 1597 631 1639 eluxit
656 1603 835 1637 structos
862 1610 988 1651 super
1012 1595 1121 1651 ignis
1147 1609 1332 1636 acervos.

238 1670 305 1705 135
386 1661 488 1715 quin
514 1660 706 1701 hortante
732 1659 811 1700 deo
836 1658 1001 1714 magnis
1026 1657 1215 1699 insistere
1240 1657 1368 1698 rebus

327 1724 483 1779 incipe:
510 1738 595 1764 non
619 1722 730 1763 idem
760 1721 837 1762 tibi
861 1723 942 1761 sint
967 1720 1142 1774 aliisque
1167 1719 1379 1775 triumphi.

329 1801 413 1828 non
444 1795 484 1828 te
510 1786 648 1827 vicino
672 1784 951 1826 remorabitur
975 1783 1101 1824 obvia
1124 1782 1266 1824 Marte

331 1849 472 1891 Gallia
497 1863 575 1891 nec
598 1847 693 1889 latis
718 1847 858 1888 audax
883 1846 1092 1901 Hispania
1116 1845 1237 1886 terris

329 1927 407 1954 nec
432 1912 521 1953 fera
546 1910 740 1952 Theraeo
766 1910 888 1951 tellus
915 1909 1086 1950 obsessa
1111 1909 1271 1956 colono,

239 1984 306 2017 140
328 1991 407 2017 neo
433 1990 516 2028 qua
540 1974 607 2015 vel
631 1973 754 2014 Nilus
781 1973 848 2014 vel
873 1972 990 2027 regia
1014 1971 1187 2026 lympha
1212 1968 1430 2024 Choaspes

328 2037 497 2094 profluit
523 2045 595 2078 aut
618 2036 803 2091 rapidus,
831 2034 934 2090 Cyri
960 2034 1182 2082 dementia,
1210 2032 1383 2087 Gyndes

329 2109 413 2142 aret
438 2100 659 2141 Arectaeis
685 2100 796 2140 haud
818 2114 900 2138 una
918 2113 995 2153 per
1020 2099 1122 2138 ostia
1147 2096 1319 2150 campis,

329 2178 407 2205 nec
431 2178 514 2216 qua
540 2177 671 2217 regna
695 2176 805 2216 vago
831 2160 1026 2214 Tamyris
1051 2159 1185 2200 finivit
1209 2159 1368 2206 Araxe,

330 2226 460 2281 impia
485 2240 562 2266 nec
589 2224 725 2266 saevis
751 2224 967 2265 celebrans
994 2221 1187 2263 convivia
1211 2220 1366 2262 mensis

240 2296 305 2330 145
329 2289 476 2330 ultima
502 2287 664 2329 vicinus
689 2286 865 2328 Phoebo
890 2294 1004 2327 tonet
1029 2300 1130 2325 arva
1153 2283 1368 2333 Padaeus,

329 2366 497 2406 quaque
524 2350 694 2392 Hebrus
721 2349 963 2402 Tanaisque
990 2347 1121 2389 Getas
1146 2346 1255 2401 rigat
1280 2353 1404 2399 atque
1428 2346 1653 2401 Magynos.

331 2414 433 2469 quid
459 2413 621 2454 moror?
671 2410 870 2453 Oceanus
896 2418 1024 2467 ponto
1051 2424 1134 2462 qua
1159 2409 1343 2450 continet
1368 2409 1525 2458 orbem,

328 2477 443 2519 nulla
469 2476 542 2517 tibi
569 2475 753 2517 adversis
779 2474 895 2529 regio
921 2488 1011 2515 sese
1037 2472 1184 2513 offeret
1209 2471 1347 2512 armis.

328 2548 368 2582 te
394 2546 535 2580 manet
560 2539 739 2580 invictus
765 2538 957 2578 Romano
982 2536 1121 2576 Marte
1148 2534 1377 2575 Britannus

238 2608 304 2643 150
329 2611 452 2657 teque
479 2601 694 2644 interiecto
721 2601 866 2641 mundi
892 2615 987 2656 pars
1014 2599 1143 2639 altera
1168 2597 1267 2638 sole.

327 2682 426 2708 nam
453 2665 707 2707 circumfuso
733 2664 923 2706 consistit
947 2664 988 2705 in
1015 2677 1110 2704 aere
1135 2660 1257 2703 tellus
