1715 2844
289 73 345 114 24
911 81 931 115 1
947 81 993 116 10

220 168 265 202 50
344 163 486 205 militis
510 164 553 205 in
577 163 759 205 tenebris
784 170 963 218 occupat
988 178 1104 205 arma
1129 163 1231 204 situs
1258 195 1267 205 .
1293 194 1304 205 .
1366 194 1380 208 .

286 227 467 268 rusticus
493 242 515 269 e
539 227 719 281 lucoque
744 225 870 276 vehit,
896 226 1006 268 male
1031 226 1195 268 sobrius
1220 226 1324 281 ipse,

345 305 520 332 uxorem
544 290 730 345 plaustro
755 289 1081 345 progeniemque
1107 289 1292 331 domum.

288 353 361 395 sed
386 353 564 397 Veneris
589 360 689 394 tunc
713 352 825 394 bella
850 353 998 402 calent,
1026 353 1262 406 scissosque
1287 352 1459 408 capillos

344 417 500 458 femina
525 416 754 471 perfractas
780 416 1133 470 conqueriturque
1158 416 1287 457 fores:

219 487 264 523 55
287 480 358 521 flet
382 487 546 521 teneras
572 479 748 520 subtusa
771 493 921 533 genas:
948 478 1023 520 sed
1047 479 1179 521 victor
1204 486 1244 520 et
1268 479 1357 534 ipse

345 543 416 584 flet
441 542 521 584 sibi
547 542 761 583 dementes
787 549 872 583 tam
898 541 1078 583 valuisse
1104 557 1265 583 manus.

288 614 329 647 at
354 605 534 647 lascivus
560 606 696 646 Amor
721 604 836 646 rixae
861 605 972 645 mala
996 605 1125 646 verba
1148 605 1367 654 ministrat,

343 669 450 710 inter
475 676 516 710 et
540 668 693 709 iratum
718 668 854 710 lentus
879 675 1106 722 utrumque
1132 668 1261 709 sedet.

287 748 324 782 a,
350 731 454 787 lapis
481 739 544 773 est
570 731 826 786 ferrumque,
852 746 971 772 suam
997 731 1254 785 quicumque
1277 730 1459 786 puellam

219 802 264 836 60
344 795 555 837 verberat:
582 810 604 836 e
631 795 745 835 caelo
771 794 922 849 deripit
946 793 1015 836 ille
1041 794 1153 835 deos.

287 859 339 900 sit
364 858 463 899 satis
489 873 511 899 e
536 857 734 898 membris
761 865 930 898 tenuem
954 857 1187 898 rescindere
1213 863 1386 906 vestem,

345 921 396 962 sit
422 921 522 961 satis
548 928 718 961 ornatus
745 919 986 961 dissoluisse
1012 934 1169 969 comae,

287 984 339 1025 sit
363 984 558 1026 lacrimas
584 983 765 1025 movisse
792 983 909 1024 satis:
936 991 1085 1037 quater
1108 983 1179 1024 ille
1204 982 1352 1024 beatus

343 1061 426 1101 quo
452 1054 595 1088 tenera
620 1047 723 1087 irato
749 1047 847 1088 flere
872 1046 1013 1102 puella
1042 1053 1192 1101 potest.

219 1115 263 1150 65
288 1110 361 1152 sed
386 1110 580 1151 manibus
605 1110 677 1164 qui
703 1124 852 1151 saevus
879 1108 968 1158 erit,
1000 1116 1248 1162 scutumque
1274 1108 1504 1162 sudemque

344 1174 378 1214 is
403 1181 522 1229 gerat
547 1180 588 1214 et
611 1172 702 1214 miti
727 1172 779 1213 sit
803 1172 949 1227 procul
974 1187 999 1212 a
1023 1172 1204 1215 Venere.
1265 1174 1279 1179 ‘

288 1245 329 1277 at
353 1236 487 1286 nobis,
511 1251 594 1291 pax
619 1236 742 1284 alma,
767 1236 862 1277 veni
888 1235 1131 1291 spicamque
1155 1242 1309 1284 teneto,

345 1300 522 1355 perfluat
548 1307 589 1341 et
612 1298 746 1355 pomis
773 1298 975 1340 candidus
1001 1306 1098 1341 ante
1123 1298 1251 1340 sinus.
