1667 2909
0 2781 9 2806 t

429 562 682 615 LIBER
729 562 1057 616 PRIMUS,

727 732 762 773 Ι.

67 834 250 876 Divitias
276 835 381 877 alius
405 835 522 877 fulvo
548 834 626 876 sibi
651 841 851 890 congerat
876 850 978 877 auro

125 905 167 938 et
191 905 330 939 teneat
354 898 451 939 culti
477 898 622 953 iugera
646 898 778 939 multa
804 898 893 947 soli,

69 973 195 1014 quem
218 960 336 1001 labor
360 960 560 1002 adsiduus
584 960 719 1002 vicino
745 968 897 1002 terreat
922 960 1055 1010 hoste,

124 1022 281 1065 Martia
305 1024 371 1065 cui
397 1038 564 1065 somnos
589 1023 762 1065 classica
785 1024 907 1079 pulsa
930 1023 1098 1078 fugent:

67 1099 136 1127 me
160 1100 253 1127 mea
276 1094 498 1142 paupertas
524 1086 608 1127 vita
632 1086 823 1127 traducat
846 1086 981 1135 inerti,

126 1148 224 1190 dum
249 1164 366 1190 meus
392 1149 566 1190 adsiduo
590 1149 729 1191 luceat
752 1149 849 1204 igne
874 1149 1004 1190 focus.

67 1210 156 1267 ipse
181 1227 315 1253 seram
340 1220 502 1254 teneras
527 1220 689 1253 maturo
715 1219 900 1267 tempore
926 1211 1030 1253 vites

124 1274 303 1316 rusticus
328 1282 368 1316 et
392 1275 504 1316 facili
528 1275 704 1330 grandia
728 1289 853 1330 poma
876 1290 1022 1316 manu:

67 1352 145 1379 nee
169 1352 263 1393 spes
289 1337 499 1386 destituat,
525 1338 598 1379 sed
623 1337 793 1392 frugum
818 1352 982 1392 semper
1007 1351 1178 1380 acervos

123 1400 322 1456 praebeat
347 1409 387 1442 et
411 1400 534 1455 pleno
559 1400 733 1455 pinguia
757 1407 895 1441 musta
918 1400 1025 1441 lacu.

66 1478 164 1504 nam
188 1477 376 1517 veneror,
402 1478 475 1505 seu
499 1463 628 1519 stipes
652 1463 778 1504 habet
804 1463 991 1504 desertus
1015 1463 1058 1504 in
1083 1463 1194 1518 agris

124 1541 198 1568 seu
221 1533 341 1567 vetus
366 1526 408 1567 in
433 1526 554 1567 trivio
579 1526 726 1567 florida
751 1534 861 1567 serta
885 1526 1011 1581 lapis:

66 1596 107 1631 et
130 1588 424 1643 quodcumque
449 1588 549 1629 mihi
574 1602 743 1643 pomum
768 1603 901 1629 novus
927 1588 1077 1630 educat
1102 1604 1249 1640 annus,

122 1651 299 1692 libatum
324 1651 530 1706 agricolae
554 1651 723 1706 ponitur
747 1659 843 1692 ante
868 1651 957 1692 deo.

66 1714 175 1756 flava
201 1712 344 1763 Ceres,
371 1713 446 1754 tibi
471 1714 522 1754 sit
546 1720 687 1754 nostro
713 1714 763 1755 de
788 1728 882 1755 rure
908 1727 1061 1755 corona

122 1776 274 1832 spicea,
299 1790 406 1830 quae
431 1776 574 1831 templi
599 1776 778 1831 pendeat
803 1784 898 1817 ante
924 1775 1055 1817 fores:

64 1839 331 1896 pomosisque
355 1839 481 1880 ruber
505 1848 643 1880 custos
668 1848 847 1894 ponatur
871 1839 913 1880 in
938 1838 1066 1880 hortis

122 1910 273 1945 terreat
295 1909 343 1943 ut
367 1917 492 1943 saeva
516 1902 623 1943 falce
646 1902 827 1957 Priapus
852 1917 963 1943 aves.

66 1979 139 2007 vos
162 1979 343 2020 quoque,
368 1963 501 2007 felicis
526 1965 750 2019 quondam,
777 1980 887 2007 nunc
912 1964 1108 2020 pauperis
1133 1964 1223 2021 agri

122 2028 330 2078 custodes,
355 2026 471 2069 fertis
497 2042 671 2069 munera
695 2035 847 2076 vestra,
873 2027 999 2069 lares:

64 2097 164 2132 tunc
188 2090 319 2132 vitula
341 2091 579 2132 innumeros
604 2090 807 2131 lustrabat
832 2105 953 2131 caesa
976 2090 1193 2132 iuvencos:

120 2167 233 2194 nunc
257 2168 367 2208 agna
391 2153 531 2208 exigui
557 2160 619 2194 est
643 2153 777 2193 hostia
801 2167 931 2208 parva
955 2152 1051 2194 soli:

65 2230 174 2272 agna
199 2215 318 2257 cadet
342 2215 474 2265 vobis,
499 2229 624 2269 quam
651 2215 806 2256 circum
831 2214 985 2256 rustica
1009 2215 1142 2270 pubes

121 2278 271 2320 clamet
295 2277 354 2319 ‘io
379 2293 532 2320 messes
558 2286 598 2320 et
624 2278 732 2319 bona
756 2278 853 2319 vina
879 2277 1001 2319 date.'

63 2340 146 2383 iam
171 2340 294 2381 modo
318 2340 401 2382 iam
426 2340 580 2396 possim
606 2349 821 2382 contentus
847 2340 986 2382 vivere
1011 2354 1142 2395 parvo

120 2417 197 2445 nec
221 2417 383 2458 semper
405 2403 555 2458 longae
582 2403 745 2444 deditus
772 2418 862 2445 esse
888 2403 994 2452 viae,

64 2466 138 2508 sed
162 2465 274 2508 canis
300 2466 477 2507 aestivos
502 2474 615 2507 ortus
640 2466 770 2507 vitare
795 2466 873 2507 sub
897 2465 1046 2506 umbra

121 2527 280 2570 arboris
305 2528 357 2569 ad
381 2528 491 2569 rivos
515 2528 816 2584 praetereuntis
841 2542 986 2581 aquae.

63 2605 142 2634 nec
163 2600 303 2632 tamen
327 2590 534 2632 interdum
559 2591 713 2646 pudeat
738 2591 921 2632 tenuisse
947 2590 1158 2632 bidentem

121 2661 192 2696 aut
216 2653 382 2695 stimulo
409 2653 546 2695 tardos
571 2654 824 2709 increpuisse
852 2653 993 2702 boves,

1146 2719 1189 2753 1·

0 2806 70 2909 ἱ

1469 1103 1492 1138 <51

1447 1415 1490 1450 10

1445 1724 1487 1759 15

1438 2349 1482 2382 Ξῖ)

1439 2658 1482 2694 30
