1667 2909
604 142 661 178 111
685 142 705 177 7
729 141 797 186 (IV
820 143 854 186 1)
1351 128 1406 172 49

49 233 91 269 et
114 225 300 281 quinque
325 225 368 267 in
394 232 535 281 partes
560 232 646 267 toto
672 223 904 279 disponitur
929 223 1042 264 orbe.

48 296 174 344 atque
199 289 308 330 duae
332 288 474 344 gelido
499 294 717 329 vastantur
740 286 897 341 frigore
923 299 1104 340 semper:

47 352 132 393 illic
157 359 198 393 et
223 351 354 393 densa
377 351 500 392 teUus
525 349 796 391 absconditur
819 348 982 397 umbra,

48 421 89 456 et
113 414 229 455 nulla
252 414 419 469 incepto
443 412 675 468 perlabitur
698 411 812 452 unda
836 410 1010 464 liquore,
1433 413 1499 447 155

48 477 123 518 sed
147 477 296 518 durata
318 476 426 532 riget
451 475 624 517 densam
649 475 691 516 in
716 474 979 529 glaciemque
1003 473 1243 526 nivemque,

48 539 203 594 quippe
227 539 300 580 ubi
323 553 408 579 non
432 552 633 592 umquam
658 537 785 578 Titan
811 551 936 591 super
961 536 1093 591 egerit
1119 544 1248 576 ortus.

48 609 90 643 at
114 601 253 643 media
276 609 338 643 est
361 601 526 642 Phoebi
552 615 717 655 semper
741 599 930 641 subiecta
954 599 1094 647 calori,

49 679 123 706 seu
146 663 316 719 propior
339 663 459 705 terris
484 664 691 705 aestivum
716 663 849 704 fertur
872 662 915 703 in
940 662 1085 703 orbem

47 742 122 768 seu
146 727 255 768 celer
278 726 474 768 hibernas
499 733 697 782 properat
721 726 942 767 decurrere
966 725 1100 766 luces:
1433 727 1500 762 160

47 803 131 830 non
154 789 282 844 igitur
305 803 449 844 presso
473 790 596 830 tellus
623 789 810 844 exsurgit
835 795 986 837 aratro,

47 866 125 894 nec
149 852 316 908 frugem
343 859 507 908 segetes
533 852 738 907 praebent
763 866 899 905 neque
924 850 1081 906 pabula
1105 858 1259 892 terrae:

47 930 130 956 non
154 915 238 956 illic
263 915 361 956 colit
385 930 486 956 arva
510 915 628 964 deus,
654 915 903 956 Bacchusve
930 912 1129 963 Ceresve,

46 978 162 1019 nulla
185 992 263 1019 nec
288 986 456 1019 exustas
483 978 673 1019 habitant
699 978 896 1019 animalia
919 986 1072 1032 partes.

46 1041 193 1082 fertilis
219 1040 327 1082 hanc
351 1041 459 1082 inter
482 1041 618 1096 posita
643 1049 704 1082 est
730 1041 921 1094 interque
946 1040 1152 1095 rigentem
1434 1040 1500 1076 165

45 1112 271 1157 nostraque
297 1110 338 1145 et
362 1103 459 1145 huic
484 1104 660 1145 adversa
685 1104 773 1144 solo
799 1119 896 1158 pars
924 1103 1054 1144 altera
1078 1110 1234 1152 nostro,

45 1181 150 1221 quas
176 1166 321 1207 similis
347 1167 557 1220 utrimque
583 1175 728 1208 tenens
754 1166 907 1207 vicinia
932 1166 1036 1207 caeli

46 1236 262 1284 temperat,
289 1229 392 1270 alter
417 1237 457 1270 et
482 1229 653 1270 alterius
679 1229 787 1270 vires
813 1237 935 1270 necat
962 1244 1051 1270 aer:

46 1292 143 1333 hinc
167 1291 356 1346 placidus
380 1291 501 1332 nobis
526 1307 601 1346 per
625 1302 814 1346 tempora
839 1291 1013 1333 vertitur
1039 1306 1190 1334 annus:

45 1354 143 1395 hinc
167 1363 208 1395 et
233 1354 339 1395 colla
363 1353 463 1409 iugo
489 1354 633 1395 didicit
660 1355 903 1396 submittere
928 1363 1072 1395 taurus
1434 1363 1501 1399 170

47 1424 87 1459 et
111 1417 224 1458 lenta
248 1417 435 1458 excelsos
460 1417 556 1458 vitis
581 1417 863 1459 conscendere
887 1432 1040 1467 ramos,

46 1479 325 1534 tondeturque
350 1494 472 1534 seges
496 1487 682 1521 maturos
709 1496 847 1521 annua
872 1488 1032 1535 partus,

46 1550 87 1584 et
111 1542 221 1584 ferro
246 1542 382 1591 tellus,
408 1554 562 1597 pontus
588 1543 839 1584 confinditur
865 1558 974 1592 aere,

46 1605 147 1659 quin
173 1604 298 1646 etiam
323 1605 489 1646 structis
516 1615 750 1661 exsurgunt
775 1606 931 1661 oppida
956 1606 1098 1646 muris.

46 1682 147 1723 ergo
172 1667 245 1708 ubi
269 1668 505 1722 praeclaros
530 1677 703 1723 poscent
729 1677 801 1710 tua
826 1670 938 1711 facta
962 1669 1207 1723 triumphos,
1432 1673 1499 1708 175

46 1731 158 1772 solus
184 1737 361 1784 utroque
387 1731 499 1772 idem
525 1731 675 1773 diceris
700 1747 879 1787 magnus
904 1732 947 1772 in
972 1732 1085 1773 orbe.

101 1807 185 1834 non
210 1807 288 1847 ego
314 1807 407 1834 sum
433 1794 532 1834 satis
558 1794 610 1835 ad
637 1803 776 1836 tantae
801 1795 1024 1850 praeconia
1049 1794 1199 1843 laudis,

42 1857 132 1911 ipse
156 1855 258 1896 mihi
282 1870 366 1896 non
392 1856 426 1896 si
450 1857 707 1911 praescribat
732 1858 916 1899 carmina
940 1857 1154 1899 Phoebus.

45 1926 108 1960 est
132 1918 219 1967 tibi,
246 1919 318 1972 qui
343 1919 474 1973 possit
498 1920 663 1975 magnis
687 1935 732 1961 se
758 1921 977 1975 accingere
1002 1920 1142 1969 rebus,

44 1981 241 2036 Valgius:
268 1989 436 2023 aeterno
460 1983 630 2037 propior
654 1997 737 2024 non
763 1983 866 2024 alter
890 1984 1089 2024 Homero.
1430 1987 1496 2022 180

43 2043 245 2099 languida
268 2058 353 2085 non
378 2053 518 2086 noster
542 2046 706 2100 peragit
730 2046 848 2087 labor
873 2047 970 2096 otia,
997 2046 1188 2100 quamvis

45 2107 225 2156 fortuna,
251 2114 298 2148 ut
321 2121 410 2148 mos
437 2115 499 2148 est
523 2108 596 2157 illi,
621 2124 687 2150 me
713 2109 890 2150 adversa
914 2109 1074 2164 fatiget.

44 2185 143 2211 nam
168 2168 282 2219 mihi,
309 2184 405 2210 cum
429 2171 593 2225 magnis
620 2171 770 2226 opibus
796 2172 945 2213 domus
971 2173 1054 2214 alta
1077 2173 1239 2222 niteret,

45 2232 112 2274 cui
136 2231 303 2274 fuerant
326 2232 424 2274 flavi
450 2233 630 2275 ditantes
656 2235 800 2276 ordine
827 2235 931 2276 sulci

44 2294 193 2336 horrea
216 2295 418 2336 fecundas
444 2295 497 2336 ad
523 2296 757 2338 deficientia
782 2298 941 2346 messis,
1429 2303 1494 2337 185

45 2357 196 2411 cuique
220 2371 349 2412 pecus
374 2357 502 2400 denso
528 2360 758 2414 pascebant
784 2361 951 2415 agmine
978 2361 1117 2409 colles,

45 2426 85 2461 et
110 2419 279 2460 domino
305 2420 406 2461 satis
431 2429 471 2462 et
495 2421 670 2463 nimium
696 2423 861 2476 furique
887 2424 1084 2478 lupoque,

44 2495 157 2523 nunc
182 2481 434 2523 desiderium
459 2494 666 2538 superest:
693 2501 790 2526 nam
816 2500 917 2526 eura
941 2495 1133 2535 novatur,

45 2558 142 2585 cum
166 2558 326 2585 memor
350 2552 445 2586 ante
471 2555 584 2587 actos
611 2563 775 2603 semper
801 2547 917 2588 dolor
943 2548 1137 2589 admonet
1166 2564 1308 2590 annos.

45 2606 118 2648 sed
142 2606 238 2648 licet
263 2607 473 2661 asperiora
498 2609 646 2650 cadant
673 2611 907 2665 spolierque
932 2610 1097 2658 relictis,
1425 2615 1492 2652 190

44 2683 128 2710 non
153 2675 193 2710 te
218 2668 411 2711 deficient
434 2679 600 2714 nostrae
625 2687 855 2714 memorare
882 2671 1108 2715 Camenae.

118 2736 254 2764 Tibullus.
1150 2728 1174 2763 4

0 2799 35 2865 ι»

0 2855 82 2909 uk„
