1715 2844
299 156 352 197 28
916 163 953 197 II
978 164 1010 197 2.
1030 163 1052 197 3

298 253 396 289 vota
421 245 594 288 cadunt:
620 245 782 287 utinam
807 244 1121 300 strepitantibus
1147 245 1314 288 advolet
1340 245 1415 287 alis

353 310 546 364 flavaque
572 308 767 364 coniugio
794 309 962 350 vincula
986 315 1123 363 portet
1146 308 1295 358 Amor,

297 373 480 422 vincula,
506 387 614 426 quae
640 378 838 413 maneant
863 386 1039 426 semper,
1067 371 1168 412 dum
1192 372 1313 413 tarda
1337 378 1529 415 senectus

223 441 269 476 20
355 436 528 477 inducat
552 450 680 490 rugas
706 435 948 488 inficiatque
974 449 1127 477 comas.

296 500 370 541 hac
395 499 535 541 veniat
560 498 710 540 natalis
736 500 802 539 avi
825 498 1070 553 prolemque
1095 497 1312 548 ministret,

353 562 472 605 ludat
497 569 538 605 et
561 569 658 605 ante
683 568 777 603 tuos
802 561 925 603 turba
948 561 1113 603 novella
1137 561 1279 616 pedeS.

943 795 1025 837 ΙΙΙ.

299 877 416 919 Rura
440 892 594 927 meam,
622 875 825 926 Cornute,
851 883 995 918 tenent
1020 876 1228 930 villaeque
1253 877 1454 931 puellam:

358 940 518 981 ferreus
544 947 619 989 est,
645 938 728 981 heu
752 940 849 989 heu,
876 939 1066 994 quisquis
1091 939 1133 980 in
1158 939 1262 981 urbe
1286 947 1440 981 manet.

298 1003 391 1059 ipsa
415 1004 563 1046 Venus
588 1003 694 1044 latos
720 1003 804 1044 iam
830 1018 943 1044 nunc
968 1002 1165 1058 migravit
1190 1002 1233 1042 in
1259 1017 1395 1058 agros,

356 1065 570 1120 verbaque
596 1066 770 1107 aratoris
795 1066 950 1107 rustica
975 1065 1096 1107 discit
1122 1066 1270 1106 Amor.

247 1135 269 1168 5
300 1144 323 1171 o
350 1144 444 1184 ego,
471 1143 568 1170 cum
593 1129 823 1184 aspicerem
850 1128 1076 1178 dominam,
1103 1142 1229 1182 quam
1254 1128 1414 1170 fortiter
1437 1127 1521 1170 illic

356 1207 568 1234 versarem
594 1192 733 1233 valido
758 1192 916 1247 pingue
942 1191 1111 1233 bidente
1137 1192 1272 1232 soluni

299 1255 593 1312 agricolaeque
618 1255 743 1296 modo
769 1269 946 1296 curvum
971 1262 1153 1296 sectarer
1177 1261 1375 1303 aratrum,

357 1319 459 1360 dum
485 1318 688 1374 subigunt
714 1318 872 1360 steriles
899 1333 1000 1359 arva
1026 1317 1202 1359 serenda
1226 1317 1374 1358 boves!

300 1397 378 1424 nec
403 1396 613 1436 quererer,
639 1381 755 1436 quod
780 1381 841 1422 sol
866 1380 1044 1436 graciles
1070 1387 1263 1422 exureret
1288 1387 1415 1428 artus,

228 1449 271 1484 10
359 1445 544 1486 laederet
569 1452 608 1486 et
634 1451 800 1486 teneras
825 1444 1000 1499 pussula
1023 1450 1147 1498 rupta
1171 1458 1333 1484 manus.

301 1508 418 1564 pavit
444 1515 484 1549 et
509 1507 685 1549 Admeti
710 1515 853 1548 tauros
879 1507 1088 1547 formosus
1113 1506 1284 1561 Apollo,

358 1585 435 1612 nec
461 1570 621 1612 cithara
644 1570 834 1611 intonsae
859 1570 1162 1624 profueruntve
1188 1583 1346 1618 comae,

300 1649 380 1676 nec
404 1633 538 1689 potuit
563 1648 684 1675 curas
712 1648 859 1675 sanare
885 1632 1123 1674 salubribus
1148 1631 1307 1673 herbis:

229 1705 273 1739 14
361 1696 567 1752 quidquid
593 1704 680 1738 erat
706 1696 893 1738 medicae
918 1695 1075 1737 vicerat
1100 1695 1198 1736 artis
1224 1709 1353 1736 amor.

229 1769 291 1803 14a
304 1761 393 1816 ipse
419 1760 522 1802 deus
549 1760 694 1802 solitus
720 1759 894 1801 stabulis
921 1759 1128 1814 expellere
1154 1772 1303 1800 vaccas

273 1894 345 1929 bet
370 1886 545 1928 miscere
570 1899 680 1927 novo
706 1885 899 1928 docuisse
924 1885 1103 1940 coagula
1127 1884 1248 1933 laete,

276 1970 291 1987 c
360 1950 520 1991 lacteus
547 1956 587 1990 et
611 1949 791 1989 mulctris
816 1948 1052 2005 obriguisse
1076 1947 1226 2002 liquor.

232 2017 276 2052 15
305 2020 406 2054 tune
430 2011 589 2054 fiscella
614 2011 697 2053 levi
722 2011 891 2053 detexta
915 2019 978 2053 est
1003 2011 1158 2052 vimine
1182 2009 1307 2059 iunci,

360 2090 540 2128 raraque
564 2089 639 2129 per
663 2089 798 2116 nexus
824 2082 886 2116 est
911 2073 979 2115 via
1004 2073 1116 2115 facta
1140 2086 1244 2114 sero.

305 2153 329 2180 0
355 2138 549 2192 quotiens
574 2137 646 2178 illo
672 2137 849 2179 vitulum
876 2144 1068 2192 gestante
1092 2151 1166 2191 per
1191 2149 1313 2190 agros

362 2200 515 2242 dicitur
540 2215 762 2241 occurrens
789 2200 1007 2242 erubuisse
1032 2198 1167 2241 soror!

305 2279 329 2306 o
355 2263 548 2318 quotiens
575 2278 716 2313 ausae,
742 2271 910 2304 caneret
935 2263 1034 2303 dum
1060 2262 1168 2303 valle
1193 2261 1271 2302 sub
1297 2260 1393 2310 alta,

231 2332 276 2366 20
362 2342 557 2381 rumpere
583 2326 748 2381 mugitu
774 2327 959 2368 carmina
983 2326 1106 2366 docta
1130 2323 1278 2365 boves!

305 2405 430 2446 saepe
457 2390 585 2431 duces
613 2389 785 2445 trepidis
811 2389 968 2444 petiere
992 2388 1163 2430 oracula
1187 2387 1327 2436 rebus,

361 2453 477 2495 venit
503 2460 543 2494 et
568 2468 592 2493 a
618 2453 784 2507 templis
809 2452 925 2493 irrita
950 2451 1074 2492 turba
1099 2450 1290 2491 domum:

306 2531 432 2572 saepe
458 2516 627 2557 horrere
653 2530 793 2558 sacros
819 2515 953 2556 doluit
977 2514 1144 2555 Latona
1169 2512 1356 2568 capillos,

362 2593 467 2634 quos
495 2578 700 2619 admirata
726 2586 788 2620 est
812 2579 904 2634 ipsa
927 2592 1107 2619 noverca
1132 2577 1258 2632 prius.

232 2653 277 2688 25
306 2642 496 2697 quisquis
522 2642 846 2696 inornatumque
871 2648 997 2696 caput
1022 2640 1240 2694 crinesque
1266 2639 1423 2681 solutos

364 2705 580 2764 aspiceret,
605 2705 771 2748 Phoebi
796 2712 1014 2761 quaereret
1038 2703 1107 2746 ille
1133 2718 1308 2746 comam.
