1715 2844
340 85 394 128 38
935 93 993 130 ΠΙ
1017 95 1050 130 2.
1076 95 1098 130 3

992 223 1051 264 ΙΙ.

341 301 426 352 Qui
450 301 609 356 primus
636 317 776 343 caram
800 302 941 343 iuveni
966 316 1193 356 earumque
1219 302 1383 358 puellae

399 364 550 418 eripuit
575 365 784 414 iuvenem,
810 365 969 406 ferreus
995 365 1064 406 ille
1089 365 1179 406 fuit.

339 426 466 467 durus
493 434 533 468 et
557 427 626 468 ille
651 427 743 476 fuit,
769 427 841 480 qui
866 435 1028 468 tantum
1054 428 1161 469 ferre
1188 427 1386 478 dolorem,

394 489 535 530 vivere
561 497 602 530 et
628 497 770 544 erepta
796 490 973 545 coniuge
999 490 1071 543 qui
1096 490 1243 545 potuit.

291 561 313 596 5
337 565 420 592 non
445 567 524 607 ego
550 552 692 592 firmus
717 553 760 593 in
785 552 877 601 hoc,
903 567 986 593 non
1010 552 1114 594 haec
1138 553 1340 607 patientia
1363 560 1503 595 nostro

394 614 582 669 ingenio:
608 614 764 670 frangit
789 615 911 655 fortia
936 614 1061 656 corda
1086 615 1220 655 dolor:

338 691 415 718 nec
442 677 544 717 mihi
569 693 669 719 vera
693 677 808 731 loqui
833 677 968 732 pudor
994 686 1055 719 est
1079 677 1274 731 vitaeque
1298 677 1419 720 fateri

395 747 455 781 tot
481 740 592 781 mala
616 755 838 795 perpessae
863 740 1001 782 taedia
1025 747 1124 782 nata
1147 755 1278 781 meae.

337 816 436 857 ergo
464 817 558 843 cum
585 810 753 844 tenuem
777 802 896 844 fuero
921 810 1105 844 mutatus
1131 803 1174 843 in
1198 802 1391 843 umbram

269 868 313 902 10
395 865 657 920 candidaque
682 880 776 907 ossa
801 880 927 920 super
950 865 1071 921 nigra
1095 865 1239 906 favilla
1264 873 1390 920 teget,

339 935 434 969 ante
459 943 600 969 meum
625 928 765 970 veniat
790 928 938 983 longos
963 928 1176 983 incompta
1201 928 1374 983 capillos

394 998 434 1031 et
458 991 555 1032 fleat
581 998 678 1032 ante
702 1006 845 1032 meum
869 998 1029 1032 maesta
1053 991 1219 1032 Neaera
1242 1005 1405 1046 rogum.

338 1053 411 1094 sed
438 1053 577 1095 veniat
603 1068 724 1095 carae
748 1053 891 1095 matris
918 1054 1114 1095 comitata
1139 1053 1298 1094 dolore:

392 1124 578 1158 maereat
602 1116 705 1158 haec
731 1131 900 1172 genero,
926 1124 1111 1158 maereat
1134 1116 1206 1158 illa
1230 1116 1332 1157 viro.

269 1188 312 1222 15
335 1179 548 1234 praefatae
574 1187 670 1221 ante
695 1195 810 1221 meos
835 1195 979 1221 manes
1005 1180 1270 1233 animamque
1295 1177 1486 1234 precatae

393 1242 673 1297 perfusaeque
699 1242 787 1298 pias
815 1250 910 1284 ante
934 1243 1096 1296 liquore
1121 1257 1284 1291 manus,

338 1320 435 1360 pars
461 1320 570 1359 quae
596 1305 684 1346 sola
708 1305 789 1346 mei
815 1305 1029 1360 superabit
1054 1304 1252 1360 corporis,
1280 1319 1374 1346 ossa

394 1368 600 1409 incinctae
625 1367 746 1423 nigra
771 1367 949 1409 eandida
973 1374 1088 1409 veste
1112 1367 1266 1422 legent,

337 1438 376 1472 et
400 1431 580 1486 primum
607 1445 763 1472 annoso
789 1438 987 1486 spargent
1013 1430 1186 1472 collecta
1211 1430 1372 1485 Lyaeo,

269 1503 313 1536 20
394 1508 491 1534 mox
517 1494 643 1535 etiam
668 1494 790 1535 niveo
816 1494 992 1535 fundere
1017 1494 1122 1534 lacte
1147 1500 1306 1548 parent,

336 1565 429 1611 post
454 1556 557 1598 haec
584 1556 792 1598 carbaseis
823 1571 1010 1597 umorem
1038 1556 1181 1597 tollere
1206 1556 1309 1597 velis

393 1626 518 1673 atque
543 1619 585 1660 in
611 1634 844 1660 marmorea
868 1634 1023 1673 ponere
1049 1619 1158 1660 sicca
1183 1618 1319 1660 domo.

336 1681 419 1723 illic
444 1696 548 1735 quas
574 1682 700 1722 mittit
725 1682 840 1723 dives
864 1681 1081 1723 Panchaia
1105 1695 1264 1723 merces

394 1744 542 1798 eoique
567 1745 746 1794 Arabes,
765 1747 933 1800 pinquis
959 1752 999 1785 et
1023 1744 1214 1799 Assyria,

269 1815 313 1849 25
338 1814 377 1848 et
401 1808 530 1848 nostri
557 1822 761 1849 memores
786 1807 981 1848 lacrimae
1007 1807 1237 1848 fundantur
1261 1806 1425 1848 eodem:

394 1870 451 1910 sic
479 1869 777 1924 ego¹coiiiponi
803 1884 949 1910 versus
974 1870 1017 1910 in
1042 1884 1136 1910 ossa
1160 1869 1297 1911 velim.

338 1932 410 1972 ¹<ed
435 1932 594 1973 tristem
620 1932 763 1973 mortis
791 1932 1044 1974 demonstret
1068 1933 1206 1973 littera
1229 1947 1397 1973 eausam

394 2003 518 2048 atque
544 1995 647 2037 haec
671 1996 714 2036 in
739 1995 892 2036 celebri
918 1995 1102 2036 carmina
1127 1996 1262 2036 fronte
1286 2002 1418 2036 notet:

338 2057 607 2111 ‘Lygdamus
632 2057 699 2098 hic
725 2058 825 2099 situs
852 2065 931 2099 est:
958 2058 1075 2099 dolor
1101 2058 1196 2098 huie
1222 2064 1262 2099 et
1287 2072 1386 2099 eura
1410 2057 1609 2107 Neaerae,

268 2128 312 2161 30
394 2121 583 2175 coniugis
609 2128 788 2176 ereptae,
815 2136 941 2162 causa
965 2121 1098 2175 perire
1123 2120 1228 2162 fuit!

968 2354 1049 2395 111.

337 2432 452 2484 Quid
478 2433 645 2488 prodest
672 2434 835 2475 caelum
861 2434 966 2475 votis
991 2434 1198 2489 implesse,
1224 2435 1398 2485 Neaera,

390 2496 628 2550 blandaque
653 2511 748 2537 euin
774 2497 904 2537 multa
929 2503 1021 2537 tura
1046 2497 1209 2538 dedisse
1235 2511 1371 2551 prece,

332 2574 414 2598 non
441 2566 485 2599 ut
510 2559 731 2600 marmorei
756 2559 965 2614 prodirem
991 2575 1012 2600 e
1038 2559 1179 2600 limine
1204 2560 1315 2609 tecti,

389 2621 562 2676 insignis
589 2622 701 2663 clara
727 2622 1059 2677 conspicuusque
1086 2622 1222 2671 domo,
