<?xml version="1.0" encoding="UTF-8"?>
<!DOCTYPE html PUBLIC "-//W3C//DTD XHTML 1.0 Transitional//EN"
    "http://www.w3.org/TR/xhtml1/DTD/xhtml1-transitional.dtd">
<html xmlns="http://www.w3.org/1999/xhtml" xml:lang="en" lang="en">
 <head>
  <title>
</title>
<meta http-equiv="Content-Type" content="text/html;charset=utf-8" />
  <meta name='ocr-system' content='tesseract 3.04.00' />
  <meta name='ocr-capabilities' content='ocr_page ocr_carea ocr_par ocr_line ocrx_word'/>
</head>
<body>
  <div class='ocr_page' id='page_1' title='image "./elegiaecumcarmin00tibuuoft_0057.png"; bbox 0 0 1667 2909; ppageno 0'>
   <div class='ocr_carea' id='block_1_1' title="bbox 655 198 790 234">
    <p class='ocr_par' dir='ltr' id='par_1_1' title="bbox 655 198 790 234">
     <span class='ocr_line' id='line_1_1' title="bbox 655 198 790 234; baseline 0 -1"><span class='ocrx_word' id='word_1_1' title='bbox 655 198 693 233; x_wconf 91' lang='lat' dir='ltr'>II</span> <span class='ocrx_word' id='word_1_2' title='bbox 718 199 790 234; x_wconf 83' lang='lat'>1.2</span> 
     </span>
    </p>
   </div>
   <div class='ocr_carea' id='block_1_2' title="bbox 37 278 1272 1531">
    <p class='ocr_par' dir='ltr' id='par_1_2' title="bbox 44 278 1117 397">
     <span class='ocr_line' id='line_1_2' title="bbox 44 278 1117 336; baseline 0.003 -17"><span class='ocrx_word' id='word_1_3' title='bbox 44 291 123 319; x_wconf 84' lang='lat' dir='ltr'>nec</span> <span class='ocrx_word' id='word_1_4' title='bbox 147 278 344 333; x_wconf 90' lang='lat' dir='ltr'>pecudes,</span> <span class='ocrx_word' id='word_1_5' title='bbox 370 279 485 321; x_wconf 89' lang='lat' dir='ltr'>velut</span> <span class='ocrx_word' id='word_1_6' title='bbox 509 286 618 328; x_wconf 88' lang='lat' dir='ltr'>ante,</span> <span class='ocrx_word' id='word_1_7' title='bbox 643 280 765 334; x_wconf 91' lang='lat' dir='ltr'>petit:</span> <span class='ocrx_word' id='word_1_8' title='bbox 791 280 932 322; x_wconf 83' lang='lat' dir='ltr'>fixisse</span> <span class='ocrx_word' id='word_1_9' title='bbox 956 281 1117 336; x_wconf 84' lang='lat' dir='ltr'>puellas</span> 
     </span>
     <span class='ocr_line' id='line_1_3' title="bbox 101 341 955 397; baseline 0.005 -16"><span class='ocrx_word' id='word_1_10' title='bbox 101 341 226 396; x_wconf 86' lang='lat' dir='ltr'>gestit</span> <span class='ocrx_word' id='word_1_11' title='bbox 251 349 290 384; x_wconf 90' lang='lat' dir='ltr'>et</span> <span class='ocrx_word' id='word_1_12' title='bbox 315 341 496 383; x_wconf 84' lang='lat' dir='ltr'>audaces</span> <span class='ocrx_word' id='word_1_13' title='bbox 520 342 807 397; x_wconf 82' lang='lat' dir='ltr'>perdomuisse</span> <span class='ocrx_word' id='word_1_14' title='bbox 832 343 955 385; x_wconf 87' lang='lat' dir='ltr'>viros.</span> 
     </span>
    </p>

    <p class='ocr_par' dir='ltr' id='par_1_3' title="bbox 42 402 1023 523">
     <span class='ocr_line' id='line_1_4' title="bbox 42 402 1022 460; baseline 0.003 -16"><span class='ocrx_word' id='word_1_15' title='bbox 42 402 111 445; x_wconf 90' lang='lat' dir='ltr'>hic</span> <span class='ocrx_word' id='word_1_16' title='bbox 135 403 276 446; x_wconf 90' lang='lat' dir='ltr'>iuveni</span> <span class='ocrx_word' id='word_1_17' title='bbox 302 405 481 447; x_wconf 83' lang='lat' dir='ltr'>detraxit</span> <span class='ocrx_word' id='word_1_18' title='bbox 505 419 619 460; x_wconf 89' lang='lat' dir='ltr'>opes,</span> <span class='ocrx_word' id='word_1_19' title='bbox 645 405 714 447; x_wconf 91' lang='lat' dir='ltr'>hic</span> <span class='ocrx_word' id='word_1_20' title='bbox 739 405 877 448; x_wconf 83' lang='lat' dir='ltr'>dicere</span> <span class='ocrx_word' id='word_1_21' title='bbox 901 406 1022 448; x_wconf 89' lang='lat' dir='ltr'>iussit</span> 
     </span>
     <span class='ocr_line' id='line_1_5' title="bbox 98 466 1023 523; baseline 0.002 -15"><span class='ocrx_word' id='word_1_22' title='bbox 98 466 227 509; x_wconf 88' lang='lat' dir='ltr'>limen</span> <span class='ocrx_word' id='word_1_23' title='bbox 252 467 305 509; x_wconf 88' lang='lat' dir='ltr'>ad</span> <span class='ocrx_word' id='word_1_24' title='bbox 328 467 458 509; x_wconf 86' lang='lat' dir='ltr'>iratae</span> <span class='ocrx_word' id='word_1_25' title='bbox 484 468 613 509; x_wconf 90' lang='lat' dir='ltr'>verba</span> <span class='ocrx_word' id='word_1_26' title='bbox 637 468 836 523; x_wconf 88' lang='lat' dir='ltr'>pudenda</span> <span class='ocrx_word' id='word_1_27' title='bbox 861 485 1023 512; x_wconf 89' lang='lat' dir='ltr'>senem:</span> 
     </span>
    </p>

    <p class='ocr_par' dir='ltr' id='par_1_4' title="bbox 42 527 1133 650">
     <span class='ocr_line' id='line_1_6' title="bbox 42 527 1133 588; baseline 0.004 -17"><span class='ocrx_word' id='word_1_28' title='bbox 42 527 122 572; x_wconf 92' lang='lat' dir='ltr'>hoc</span> <span class='ocrx_word' id='word_1_29' title='bbox 147 530 253 572; x_wconf 91' lang='lat' dir='ltr'>duce</span> <span class='ocrx_word' id='word_1_30' title='bbox 278 530 471 572; x_wconf 82' lang='lat' dir='ltr'>custodes</span> <span class='ocrx_word' id='word_1_31' title='bbox 495 530 640 572; x_wconf 87' lang='lat' dir='ltr'>furtim</span> <span class='ocrx_word' id='word_1_32' title='bbox 665 539 926 588; x_wconf 79' lang='lat' dir='ltr'>transgressa</span> <span class='ocrx_word' id='word_1_33' title='bbox 949 534 1133 575; x_wconf 85' lang='lat' dir='ltr'>iacentes</span> 
     </span>
     <span class='ocr_line' id='line_1_7' title="bbox 99 592 995 650; baseline 0.006 -17"><span class='ocrx_word' id='word_1_34' title='bbox 99 592 153 633; x_wconf 88' lang='lat' dir='ltr'>ad</span> <span class='ocrx_word' id='word_1_35' title='bbox 176 592 371 639; x_wconf 82' lang='lat' dir='ltr'>iuvenem</span> <span class='ocrx_word' id='word_1_36' title='bbox 396 593 578 635; x_wconf 88' lang='lat' dir='ltr'>tenebris</span> <span class='ocrx_word' id='word_1_37' title='bbox 603 594 692 635; x_wconf 87' lang='lat' dir='ltr'>sola</span> <span class='ocrx_word' id='word_1_38' title='bbox 715 596 856 650; x_wconf 88' lang='lat' dir='ltr'>puella</span> <span class='ocrx_word' id='word_1_39' title='bbox 880 596 995 637; x_wconf 87' lang='lat' dir='ltr'>venit</span> 
     </span>
    </p>

    <p class='ocr_par' dir='ltr' id='par_1_5' title="bbox 43 655 1104 772">
     <span class='ocr_line' id='line_1_8' title="bbox 43 655 1104 713; baseline 0.004 -16"><span class='ocrx_word' id='word_1_40' title='bbox 43 661 84 697; x_wconf 88' lang='lat' dir='ltr'>et</span> <span class='ocrx_word' id='word_1_41' title='bbox 107 655 286 710; x_wconf 88' lang='lat' dir='ltr'>pedibus</span> <span class='ocrx_word' id='word_1_42' title='bbox 310 664 589 711; x_wconf 84' lang='lat' dir='ltr'>praetemptat</span> <span class='ocrx_word' id='word_1_43' title='bbox 613 657 690 698; x_wconf 85' lang='lat' dir='ltr'>iter</span> <span class='ocrx_word' id='word_1_44' title='bbox 715 673 918 713; x_wconf 80' lang='lat' dir='ltr'>suspensa</span> <span class='ocrx_word' id='word_1_45' title='bbox 943 659 1104 708; x_wconf 82' lang='lat' dir='ltr'>timore,</span> 
     </span>
     <span class='ocr_line' id='line_1_9' title="bbox 99 717 973 772; baseline 0.006 -14"><span class='ocrx_word' id='word_1_46' title='bbox 99 717 287 772; x_wconf 84' lang='lat' dir='ltr'>explorat</span> <span class='ocrx_word' id='word_1_47' title='bbox 311 733 457 760; x_wconf 88' lang='lat' dir='ltr'>caecas</span> <span class='ocrx_word' id='word_1_48' title='bbox 483 719 550 760; x_wconf 92' lang='lat' dir='ltr'>cui</span> <span class='ocrx_word' id='word_1_49' title='bbox 575 735 723 761; x_wconf 90' lang='lat' dir='ltr'>manus</span> <span class='ocrx_word' id='word_1_50' title='bbox 749 729 845 763; x_wconf 87' lang='lat' dir='ltr'>ante</span> <span class='ocrx_word' id='word_1_51' title='bbox 871 722 973 763; x_wconf 85' lang='lat' dir='ltr'>vias.</span> 
     </span>
    </p>

    <p class='ocr_par' dir='ltr' id='par_1_6' title="bbox 42 780 1133 899">
     <span class='ocr_line' id='line_1_10' title="bbox 42 780 1133 840; baseline 0.005 -20"><span class='ocrx_word' id='word_1_52' title='bbox 42 794 67 820; x_wconf 90' lang='lat' dir='ltr'>a</span> <span class='ocrx_word' id='word_1_53' title='bbox 90 780 244 830; x_wconf 89' lang='lat' dir='ltr'>miseri,</span> <span class='ocrx_word' id='word_1_54' title='bbox 273 795 378 835; x_wconf 90' lang='lat' dir='ltr'>quos</span> <span class='ocrx_word' id='word_1_55' title='bbox 403 781 472 823; x_wconf 92' lang='lat' dir='ltr'>hic</span> <span class='ocrx_word' id='word_1_56' title='bbox 495 782 680 837; x_wconf 84' lang='lat' dir='ltr'>graviter</span> <span class='ocrx_word' id='word_1_57' title='bbox 705 783 808 825; x_wconf 90' lang='lat' dir='ltr'>deus</span> <span class='ocrx_word' id='word_1_58' title='bbox 833 784 973 840; x_wconf 77' lang='lat' dir='ltr'>urget!</span> <span class='ocrx_word' id='word_1_59' title='bbox 1001 793 1041 825; x_wconf 85' lang='lat' dir='ltr'>at</span> <span class='ocrx_word' id='word_1_60' title='bbox 1064 784 1133 826; x_wconf 81' lang='lat' dir='ltr'>ille</span> 
     </span>
     <span class='ocr_line' id='line_1_11' title="bbox 97 843 1013 899; baseline 0.004 -15"><span class='ocrx_word' id='word_1_61' title='bbox 97 843 211 893; x_wconf 80' lang='lat' dir='ltr'>felix,</span> <span class='ocrx_word' id='word_1_62' title='bbox 237 844 306 885; x_wconf 93' lang='lat' dir='ltr'>cui</span> <span class='ocrx_word' id='word_1_63' title='bbox 329 844 518 899; x_wconf 89' lang='lat' dir='ltr'>placidus</span> <span class='ocrx_word' id='word_1_64' title='bbox 542 845 690 887; x_wconf 90' lang='lat' dir='ltr'>leniter</span> <span class='ocrx_word' id='word_1_65' title='bbox 714 847 840 888; x_wconf 81' lang='lat' dir='ltr'>adflat</span> <span class='ocrx_word' id='word_1_66' title='bbox 866 849 1013 888; x_wconf 86' lang='lat' dir='ltr'>Amor.</span> 
     </span>
    </p>

    <p class='ocr_par' dir='ltr' id='par_1_7' title="bbox 41 907 1110 1026">
     <span class='ocr_line' id='line_1_12' title="bbox 41 907 1110 966; baseline 0.004 -19"><span class='ocrx_word' id='word_1_67' title='bbox 41 914 198 956; x_wconf 85' lang='lat' dir='ltr'>sancte,</span> <span class='ocrx_word' id='word_1_68' title='bbox 223 907 318 948; x_wconf 88' lang='lat' dir='ltr'>veni</span> <span class='ocrx_word' id='word_1_69' title='bbox 342 907 521 962; x_wconf 86' lang='lat' dir='ltr'>dapibus</span> <span class='ocrx_word' id='word_1_70' title='bbox 546 908 676 958; x_wconf 87' lang='lat' dir='ltr'>festis,</span> <span class='ocrx_word' id='word_1_71' title='bbox 704 909 777 950; x_wconf 87' lang='lat' dir='ltr'>sed</span> <span class='ocrx_word' id='word_1_72' title='bbox 802 924 910 964; x_wconf 89' lang='lat' dir='ltr'>pone</span> <span class='ocrx_word' id='word_1_73' title='bbox 936 910 1110 966; x_wconf 80' lang='lat' dir='ltr'>sagittas</span> 
     </span>
     <span class='ocr_line' id='line_1_13' title="bbox 98 970 1107 1026; baseline 0.004 -16"><span class='ocrx_word' id='word_1_74' title='bbox 98 976 138 1010; x_wconf 89' lang='lat' dir='ltr'>et</span> <span class='ocrx_word' id='word_1_75' title='bbox 163 970 308 1024; x_wconf 85' lang='lat' dir='ltr'>procul</span> <span class='ocrx_word' id='word_1_76' title='bbox 334 971 527 1012; x_wconf 75' lang='lat' dir='ltr'>ardentes</span> <span class='ocrx_word' id='word_1_77' title='bbox 551 970 649 1012; x_wconf 89' lang='lat' dir='ltr'>hinc</span> <span class='ocrx_word' id='word_1_78' title='bbox 674 986 822 1026; x_wconf 87' lang='lat' dir='ltr'>precor</span> <span class='ocrx_word' id='word_1_79' title='bbox 846 973 954 1014; x_wconf 86' lang='lat' dir='ltr'>abde</span> <span class='ocrx_word' id='word_1_80' title='bbox 980 973 1107 1014; x_wconf 85' lang='lat' dir='ltr'>faces.</span> 
     </span>
    </p>

    <p class='ocr_par' dir='ltr' id='par_1_8' title="bbox 41 1032 1148 1152">
     <span class='ocr_line' id='line_1_14' title="bbox 41 1032 1125 1089; baseline 0.005 -17"><span class='ocrx_word' id='word_1_81' title='bbox 41 1045 115 1073; x_wconf 91' lang='lat' dir='ltr'>vos</span> <span class='ocrx_word' id='word_1_82' title='bbox 141 1032 348 1074; x_wconf 90' lang='lat' dir='ltr'>celebrem</span> <span class='ocrx_word' id='word_1_83' title='bbox 373 1041 538 1075; x_wconf 85' lang='lat' dir='ltr'>cantate</span> <span class='ocrx_word' id='word_1_84' title='bbox 563 1034 688 1076; x_wconf 90' lang='lat' dir='ltr'>deum</span> <span class='ocrx_word' id='word_1_85' title='bbox 715 1036 939 1089; x_wconf 89' lang='lat' dir='ltr'>pecorique</span> <span class='ocrx_word' id='word_1_86' title='bbox 965 1043 1125 1085; x_wconf 85' lang='lat' dir='ltr'>vocate,</span> 
     </span>
     <span class='ocr_line' id='line_1_15' title="bbox 96 1096 1148 1152; baseline 0.004 -16"><span class='ocrx_word' id='word_1_87' title='bbox 96 1109 199 1136; x_wconf 91' lang='lat' dir='ltr'>voce</span> <span class='ocrx_word' id='word_1_88' title='bbox 230 1096 367 1150; x_wconf 88' lang='lat' dir='ltr'>palam</span> <span class='ocrx_word' id='word_1_89' title='bbox 393 1097 546 1151; x_wconf 89' lang='lat' dir='ltr'>pecori,</span> <span class='ocrx_word' id='word_1_90' title='bbox 573 1097 682 1138; x_wconf 83' lang='lat' dir='ltr'>clam</span> <span class='ocrx_word' id='word_1_91' title='bbox 708 1098 787 1138; x_wconf 90' lang='lat' dir='ltr'>sibi</span> <span class='ocrx_word' id='word_1_92' title='bbox 812 1099 990 1152; x_wconf 86' lang='lat' dir='ltr'>quisque</span> <span class='ocrx_word' id='word_1_93' title='bbox 1016 1107 1148 1140; x_wconf 84' lang='lat' dir='ltr'>vocet.</span> 
     </span>
    </p>

    <p class='ocr_par' dir='ltr' id='par_1_9' title="bbox 40 1158 1190 1278">
     <span class='ocr_line' id='line_1_16' title="bbox 40 1158 1190 1215; baseline 0.004 -17"><span class='ocrx_word' id='word_1_94' title='bbox 40 1165 112 1198; x_wconf 92' lang='lat' dir='ltr'>aut</span> <span class='ocrx_word' id='word_1_95' title='bbox 137 1158 262 1199; x_wconf 89' lang='lat' dir='ltr'>etiam</span> <span class='ocrx_word' id='word_1_96' title='bbox 287 1159 366 1200; x_wconf 89' lang='lat' dir='ltr'>sibi</span> <span class='ocrx_word' id='word_1_97' title='bbox 391 1160 569 1213; x_wconf 88' lang='lat' dir='ltr'>quisque</span> <span class='ocrx_word' id='word_1_98' title='bbox 594 1160 753 1215; x_wconf 87' lang='lat' dir='ltr'>palam:</span> <span class='ocrx_word' id='word_1_99' title='bbox 779 1177 876 1202; x_wconf 85' lang='lat' dir='ltr'>nam</span> <span class='ocrx_word' id='word_1_100' title='bbox 902 1162 1026 1203; x_wconf 87' lang='lat' dir='ltr'>turba</span> <span class='ocrx_word' id='word_1_101' title='bbox 1049 1162 1190 1203; x_wconf 85' lang='lat' dir='ltr'>iocosa</span> 
     </span>
     <span class='ocr_line' id='line_1_17' title="bbox 96 1220 999 1278; baseline 0.006 -17"><span class='ocrx_word' id='word_1_102' title='bbox 96 1220 303 1276; x_wconf 76' lang='lat' dir='ltr'>obstrepit</span> <span class='ocrx_word' id='word_1_103' title='bbox 323 1230 364 1263; x_wconf 91' lang='lat' dir='ltr'>et</span> <span class='ocrx_word' id='word_1_104' title='bbox 388 1222 577 1278; x_wconf 80' lang='lat' dir='ltr'>Phrygio</span> <span class='ocrx_word' id='word_1_105' title='bbox 603 1223 706 1264; x_wconf 84' lang='lat' dir='ltr'>tibia</span> <span class='ocrx_word' id='word_1_106' title='bbox 731 1238 859 1265; x_wconf 85' lang='lat' dir='ltr'>curva</span> <span class='ocrx_word' id='word_1_107' title='bbox 884 1239 999 1266; x_wconf 87' lang='lat' dir='ltr'>sono.</span> 
     </span>
    </p>

    <p class='ocr_par' dir='ltr' id='par_1_10' title="bbox 37 1281 1272 1398">
     <span class='ocr_line' id='line_1_18' title="bbox 37 1281 1272 1342; baseline 0.003 -18"><span class='ocrx_word' id='word_1_108' title='bbox 37 1281 186 1325; x_wconf 88' lang='lat' dir='ltr'>ludite:</span> <span class='ocrx_word' id='word_1_109' title='bbox 212 1284 294 1325; x_wconf 86' lang='lat' dir='ltr'>iam</span> <span class='ocrx_word' id='word_1_110' title='bbox 320 1299 404 1325; x_wconf 87' lang='lat' dir='ltr'>nox</span> <span class='ocrx_word' id='word_1_111' title='bbox 428 1285 564 1339; x_wconf 82' lang='lat' dir='ltr'>iungit</span> <span class='ocrx_word' id='word_1_112' title='bbox 589 1300 732 1339; x_wconf 87' lang='lat' dir='ltr'>equos,</span> <span class='ocrx_word' id='word_1_113' title='bbox 759 1301 1011 1341; x_wconf 86' lang='lat' dir='ltr'>currumque</span> <span class='ocrx_word' id='word_1_114' title='bbox 1038 1296 1272 1342; x_wconf 88' lang='lat' dir='ltr'>sequuntur</span> 
     </span>
     <span class='ocr_line' id='line_1_19' title="bbox 94 1346 888 1398; baseline 0.004 -11"><span class='ocrx_word' id='word_1_115' title='bbox 94 1346 238 1388; x_wconf 85' lang='lat' dir='ltr'>matris</span> <span class='ocrx_word' id='word_1_116' title='bbox 263 1347 419 1389; x_wconf 85' lang='lat' dir='ltr'>lascivo</span> <span class='ocrx_word' id='word_1_117' title='bbox 443 1347 581 1389; x_wconf 87' lang='lat' dir='ltr'>sidera</span> <span class='ocrx_word' id='word_1_118' title='bbox 605 1349 722 1389; x_wconf 81' lang='lat' dir='ltr'>fulva</span> <span class='ocrx_word' id='word_1_119' title='bbox 748 1349 888 1398; x_wconf 84' lang='lat' dir='ltr'>choro,</span> 
     </span>
    </p>

    <p class='ocr_par' dir='ltr' id='par_1_11' title="bbox 38 1410 1090 1531">
     <span class='ocr_line' id='line_1_20' title="bbox 38 1410 1090 1466; baseline 0.005 -16"><span class='ocrx_word' id='word_1_120' title='bbox 38 1416 215 1464; x_wconf 87' lang='lat' dir='ltr'>postque</span> <span class='ocrx_word' id='word_1_121' title='bbox 240 1410 353 1451; x_wconf 89' lang='lat' dir='ltr'>venit</span> <span class='ocrx_word' id='word_1_122' title='bbox 378 1411 529 1452; x_wconf 87' lang='lat' dir='ltr'>tacitus</span> <span class='ocrx_word' id='word_1_123' title='bbox 545 1412 682 1466; x_wconf 65' lang='lat' dir='ltr'>fun-is</span> <span class='ocrx_word' id='word_1_124' title='bbox 709 1411 990 1454; x_wconf 85' lang='lat' dir='ltr'>circumdatus</span> <span class='ocrx_word' id='word_1_125' title='bbox 1015 1414 1090 1455; x_wconf 87' lang='lat' dir='ltr'>alis</span> 
     </span>
     <span class='ocr_line' id='line_1_21' title="bbox 96 1473 990 1531; baseline 0.006 -18"><span class='ocrx_word' id='word_1_126' title='bbox 96 1487 265 1514; x_wconf 86' lang='lat' dir='ltr'>somnus</span> <span class='ocrx_word' id='word_1_127' title='bbox 291 1480 331 1514; x_wconf 91' lang='lat' dir='ltr'>et</span> <span class='ocrx_word' id='word_1_128' title='bbox 356 1473 516 1516; x_wconf 86' lang='lat' dir='ltr'>incerto</span> <span class='ocrx_word' id='word_1_129' title='bbox 541 1474 702 1515; x_wconf 81' lang='lat' dir='ltr'>somnia</span> <span class='ocrx_word' id='word_1_130' title='bbox 725 1475 847 1531; x_wconf 84' lang='lat' dir='ltr'>nigra</span> <span class='ocrx_word' id='word_1_131' title='bbox 872 1476 990 1531; x_wconf 88' lang='lat' dir='ltr'>pede.</span> 
     </span>
    </p>
   </div>
   <div class='ocr_carea' id='block_1_3' title="bbox 602 1607 828 1613">
    <p class='ocr_par' dir='ltr' id='par_1_12' title="bbox 602 1607 828 1613">
     <span class='ocr_line' id='line_1_22' title="bbox 602 1607 828 1613; baseline 0 0"><span class='ocrx_word' id='word_1_132' title='bbox 602 1607 828 1613; x_wconf 95' lang='lat' dir='ltr'> </span> 
     </span>
    </p>
   </div>
   <div class='ocr_carea' id='block_1_4' title="bbox 686 1708 744 1749">
    <p class='ocr_par' dir='ltr' id='par_1_13' title="bbox 686 1708 744 1749">
     <span class='ocr_line' id='line_1_23' title="bbox 686 1708 744 1749; baseline 0 0"><span class='ocrx_word' id='word_1_133' title='bbox 686 1708 744 1749; x_wconf 87' lang='grc' dir='ltr'>ΙΙ.</span> 
     </span>
    </p>
   </div>
   <div class='ocr_carea' id='block_1_5' title="bbox 33 1783 1194 2780">
    <p class='ocr_par' dir='ltr' id='par_1_14' title="bbox 33 1783 1194 2780">
     <span class='ocr_line' id='line_1_24' title="bbox 35 1783 1081 1830; baseline 0.006 -6"><span class='ocrx_word' id='word_1_134' title='bbox 35 1783 240 1825; x_wconf 84' lang='lat' dir='ltr'>Dicamus</span> <span class='ocrx_word' id='word_1_135' title='bbox 265 1784 377 1825; x_wconf 89' lang='lat' dir='ltr'>bona</span> <span class='ocrx_word' id='word_1_136' title='bbox 401 1785 551 1827; x_wconf 88' lang='lat' dir='ltr'>verba:</span> <span class='ocrx_word' id='word_1_137' title='bbox 578 1786 692 1828; x_wconf 90' lang='lat' dir='ltr'>venit</span> <span class='ocrx_word' id='word_1_138' title='bbox 716 1788 864 1829; x_wconf 84' lang='lat' dir='ltr'>natalis</span> <span class='ocrx_word' id='word_1_139' title='bbox 891 1789 945 1829; x_wconf 87' lang='lat' dir='ltr'>ad</span> <span class='ocrx_word' id='word_1_140' title='bbox 971 1804 1081 1830; x_wconf 85' lang='lat' dir='ltr'>aras:</span> 
     </span>
     <span class='ocr_line' id='line_1_25' title="bbox 93 1846 1098 1904; baseline 0.006 -17"><span class='ocrx_word' id='word_1_141' title='bbox 93 1846 282 1901; x_wconf 88' lang='lat' dir='ltr'>quisquis</span> <span class='ocrx_word' id='word_1_142' title='bbox 308 1847 420 1896; x_wconf 90' lang='lat' dir='ltr'>ades,</span> <span class='ocrx_word' id='word_1_143' title='bbox 446 1848 604 1903; x_wconf 78' lang='lat' dir='ltr'>lingua,</span> <span class='ocrx_word' id='word_1_144' title='bbox 631 1850 694 1890; x_wconf 79' lang='lat' dir='ltr'>vir</span> <span class='ocrx_word' id='word_1_145' title='bbox 719 1850 964 1904; x_wconf 81' lang='lat' dir='ltr'>mulierque,</span> <span class='ocrx_word' id='word_1_146' title='bbox 990 1851 1098 1893; x_wconf 85' lang='lat' dir='ltr'>fave.</span> 
     </span>
     <span class='ocr_line' id='line_1_26' title="bbox 35 1910 949 1965; baseline 0.005 -15"><span class='ocrx_word' id='word_1_147' title='bbox 35 1917 209 1951; x_wconf 88' lang='lat' dir='ltr'>urantur</span> <span class='ocrx_word' id='word_1_148' title='bbox 233 1910 303 1965; x_wconf 87' lang='lat' dir='ltr'>pia</span> <span class='ocrx_word' id='word_1_149' title='bbox 327 1918 421 1952; x_wconf 88' lang='lat' dir='ltr'>tura</span> <span class='ocrx_word' id='word_1_150' title='bbox 445 1911 562 1960; x_wconf 88' lang='lat' dir='ltr'>focis,</span> <span class='ocrx_word' id='word_1_151' title='bbox 589 1920 763 1953; x_wconf 86' lang='lat' dir='ltr'>urantur</span> <span class='ocrx_word' id='word_1_152' title='bbox 788 1914 949 1963; x_wconf 86' lang='lat' dir='ltr'>odores,</span> 
     </span>
     <span class='ocr_line' id='line_1_27' title="bbox 92 1975 1009 2026; baseline 0.007 -13"><span class='ocrx_word' id='word_1_153' title='bbox 92 1987 197 2026; x_wconf 91' lang='lat' dir='ltr'>quos</span> <span class='ocrx_word' id='word_1_154' title='bbox 221 1980 339 2015; x_wconf 88' lang='lat' dir='ltr'>tener</span> <span class='ocrx_word' id='word_1_155' title='bbox 368 1989 391 2015; x_wconf 89' lang='lat' dir='ltr'>e</span> <span class='ocrx_word' id='word_1_156' title='bbox 416 1981 526 2016; x_wconf 87' lang='lat' dir='ltr'>terra</span> <span class='ocrx_word' id='word_1_157' title='bbox 551 1975 679 2017; x_wconf 88' lang='lat' dir='ltr'>divite</span> <span class='ocrx_word' id='word_1_158' title='bbox 704 1976 829 2017; x_wconf 88' lang='lat' dir='ltr'>mittit</span> <span class='ocrx_word' id='word_1_159' title='bbox 853 1977 1009 2019; x_wconf 84' lang='lat' dir='ltr'>Arabs.</span> 
     </span>
     <span class='ocr_line' id='line_1_28' title="bbox 34 2035 960 2091; baseline 0.005 -15"><span class='ocrx_word' id='word_1_160' title='bbox 34 2035 122 2091; x_wconf 90' lang='lat' dir='ltr'>ipse</span> <span class='ocrx_word' id='word_1_161' title='bbox 148 2050 244 2076; x_wconf 89' lang='lat' dir='ltr'>suos</span> <span class='ocrx_word' id='word_1_162' title='bbox 270 2036 419 2091; x_wconf 84' lang='lat' dir='ltr'>genius</span> <span class='ocrx_word' id='word_1_163' title='bbox 444 2037 553 2078; x_wconf 89' lang='lat' dir='ltr'>adsit</span> <span class='ocrx_word' id='word_1_164' title='bbox 578 2038 744 2080; x_wconf 89' lang='lat' dir='ltr'>visurus</span> <span class='ocrx_word' id='word_1_165' title='bbox 769 2039 960 2089; x_wconf 87' lang='lat' dir='ltr'>honores,</span> 
     </span>
     <span class='ocr_line' id='line_1_29' title="bbox 92 2098 1050 2145; baseline 0.006 -6"><span class='ocrx_word' id='word_1_166' title='bbox 92 2098 160 2140; x_wconf 90' lang='lat' dir='ltr'>cui</span> <span class='ocrx_word' id='word_1_167' title='bbox 184 2098 379 2141; x_wconf 86' lang='lat' dir='ltr'>decorent</span> <span class='ocrx_word' id='word_1_168' title='bbox 406 2108 571 2142; x_wconf 87' lang='lat' dir='ltr'>sanctas</span> <span class='ocrx_word' id='word_1_169' title='bbox 596 2102 738 2143; x_wconf 84' lang='lat' dir='ltr'>mollia</span> <span class='ocrx_word' id='word_1_170' title='bbox 764 2111 873 2144; x_wconf 81' lang='lat' dir='ltr'>serta</span> <span class='ocrx_word' id='word_1_171' title='bbox 899 2118 1050 2145; x_wconf 88' lang='lat' dir='ltr'>comas.</span> 
     </span>
     <span class='ocr_line' id='line_1_30' title="bbox 33 2161 892 2219; baseline 0.005 -17"><span class='ocrx_word' id='word_1_172' title='bbox 33 2161 143 2203; x_wconf 90' lang='lat' dir='ltr'>illius</span> <span class='ocrx_word' id='word_1_173' title='bbox 168 2176 273 2217; x_wconf 92' lang='lat' dir='ltr'>puro</span> <span class='ocrx_word' id='word_1_174' title='bbox 298 2161 509 2204; x_wconf 87' lang='lat' dir='ltr'>destillent</span> <span class='ocrx_word' id='word_1_175' title='bbox 534 2173 723 2219; x_wconf 85' lang='lat' dir='ltr'>tempora</span> <span class='ocrx_word' id='word_1_176' title='bbox 748 2166 892 2214; x_wconf 88' lang='lat' dir='ltr'>nardo,</span> 
     </span>
     <span class='ocr_line' id='line_1_31' title="bbox 91 2225 971 2281; baseline 0.007 -17"><span class='ocrx_word' id='word_1_177' title='bbox 91 2231 215 2278; x_wconf 91' lang='lat' dir='ltr'>atque</span> <span class='ocrx_word' id='word_1_178' title='bbox 240 2232 355 2266; x_wconf 87' lang='lat' dir='ltr'>satur</span> <span class='ocrx_word' id='word_1_179' title='bbox 378 2225 462 2267; x_wconf 91' lang='lat' dir='ltr'>libo</span> <span class='ocrx_word' id='word_1_180' title='bbox 489 2226 540 2267; x_wconf 89' lang='lat' dir='ltr'>sit</span> <span class='ocrx_word' id='word_1_181' title='bbox 565 2227 816 2281; x_wconf 84' lang='lat' dir='ltr'>madeatque</span> <span class='ocrx_word' id='word_1_182' title='bbox 842 2243 971 2277; x_wconf 85' lang='lat' dir='ltr'>mero,</span> 
     </span>
     <span class='ocr_line' id='line_1_32' title="bbox 34 2285 1134 2347; baseline 0.006 -20"><span class='ocrx_word' id='word_1_183' title='bbox 34 2286 191 2328; x_wconf 86' lang='lat' dir='ltr'>adnuat</span> <span class='ocrx_word' id='word_1_184' title='bbox 215 2294 269 2336; x_wconf 89' lang='lat' dir='ltr'>et,</span> <span class='ocrx_word' id='word_1_185' title='bbox 294 2285 494 2337; x_wconf 90' lang='lat' dir='ltr'>Cornute,</span> <span class='ocrx_word' id='word_1_186' title='bbox 522 2288 609 2338; x_wconf 88' lang='lat' dir='ltr'>tibi,</span> <span class='ocrx_word' id='word_1_187' title='bbox 636 2290 929 2345; x_wconf 85' lang='lat' dir='ltr'>quodcumque</span> <span class='ocrx_word' id='word_1_188' title='bbox 954 2293 1134 2347; x_wconf 79' lang='lat' dir='ltr'>rogabis.</span> 
     </span>
     <span class='ocr_line' id='line_1_33' title="bbox 90 2350 998 2409; baseline 0.007 -19"><span class='ocrx_word' id='word_1_189' title='bbox 90 2364 143 2390; x_wconf 88' lang='lat' dir='ltr'>en</span> <span class='ocrx_word' id='word_1_190' title='bbox 167 2364 258 2404; x_wconf 85' lang='lat' dir='ltr'>age,</span> <span class='ocrx_word' id='word_1_191' title='bbox 284 2350 385 2404; x_wconf 89' lang='lat' dir='ltr'>quid</span> <span class='ocrx_word' id='word_1_192' title='bbox 410 2354 572 2393; x_wconf 79' lang='lat' dir='ltr'>cessas?</span> <span class='ocrx_word' id='word_1_193' title='bbox 597 2352 742 2393; x_wconf 83' lang='lat' dir='ltr'>adnuit</span> <span class='ocrx_word' id='word_1_194' title='bbox 767 2353 856 2395; x_wconf 88' lang='lat' dir='ltr'>ille:</span> <span class='ocrx_word' id='word_1_195' title='bbox 883 2369 998 2409; x_wconf 82' lang='lat' dir='ltr'>roga.</span> 
     </span>
     <span class='ocr_line' id='line_1_34' title="bbox 35 2413 932 2469; baseline 0.006 -17"><span class='ocrx_word' id='word_1_196' title='bbox 35 2426 232 2467; x_wconf 84' lang='lat' dir='ltr'>auguror,</span> <span class='ocrx_word' id='word_1_197' title='bbox 257 2413 398 2454; x_wconf 84' lang='lat' dir='ltr'>uxoris</span> <span class='ocrx_word' id='word_1_198' title='bbox 429 2413 534 2455; x_wconf 85' lang='lat' dir='ltr'>fidos</span> <span class='ocrx_word' id='word_1_199' title='bbox 560 2415 724 2469; x_wconf 85' lang='lat' dir='ltr'>optabis</span> <span class='ocrx_word' id='word_1_200' title='bbox 751 2431 932 2457; x_wconf 84' lang='lat' dir='ltr'>amores:</span> 
     </span>
     <span class='ocr_line' id='line_1_35' title="bbox 90 2475 914 2531; baseline 0.007 -17"><span class='ocrx_word' id='word_1_201' title='bbox 90 2475 172 2515; x_wconf 90' lang='lat' dir='ltr'>iam</span> <span class='ocrx_word' id='word_1_202' title='bbox 198 2489 292 2515; x_wconf 88' lang='lat' dir='ltr'>reor</span> <span class='ocrx_word' id='word_1_203' title='bbox 316 2475 394 2516; x_wconf 91' lang='lat' dir='ltr'>hoc</span> <span class='ocrx_word' id='word_1_204' title='bbox 418 2476 530 2531; x_wconf 89' lang='lat' dir='ltr'>ipsos</span> <span class='ocrx_word' id='word_1_205' title='bbox 557 2477 776 2519; x_wconf 87' lang='lat' dir='ltr'>edidicisse</span> <span class='ocrx_word' id='word_1_206' title='bbox 803 2479 914 2520; x_wconf 85' lang='lat' dir='ltr'>deos.</span> 
     </span>
     <span class='ocr_line' id='line_1_36' title="bbox 35 2537 1194 2596; baseline 0.005 -18"><span class='ocrx_word' id='word_1_207' title='bbox 35 2551 114 2579; x_wconf 89' lang='lat' dir='ltr'>nec</span> <span class='ocrx_word' id='word_1_208' title='bbox 139 2537 214 2578; x_wconf 90' lang='lat' dir='ltr'>tibi</span> <span class='ocrx_word' id='word_1_209' title='bbox 239 2537 449 2588; x_wconf 85' lang='lat' dir='ltr'>malueris,</span> <span class='ocrx_word' id='word_1_210' title='bbox 474 2547 607 2580; x_wconf 88' lang='lat' dir='ltr'>totum</span> <span class='ocrx_word' id='word_1_211' title='bbox 634 2555 925 2595; x_wconf 86' lang='lat' dir='ltr'>quaecumque</span> <span class='ocrx_word' id='word_1_212' title='bbox 950 2557 1025 2596; x_wconf 86' lang='lat' dir='ltr'>per</span> <span class='ocrx_word' id='word_1_213' title='bbox 1049 2543 1194 2585; x_wconf 87' lang='lat' dir='ltr'>orbem</span> 
     </span>
     <span class='ocr_line' id='line_1_37' title="bbox 89 2599 958 2653; baseline 0.006 -13"><span class='ocrx_word' id='word_1_214' title='bbox 89 2599 207 2641; x_wconf 84' lang='lat' dir='ltr'>fortis</span> <span class='ocrx_word' id='word_1_215' title='bbox 231 2607 319 2640; x_wconf 87' lang='lat' dir='ltr'>arat</span> <span class='ocrx_word' id='word_1_216' title='bbox 345 2601 482 2643; x_wconf 79' lang='lat' dir='ltr'>valido</span> <span class='ocrx_word' id='word_1_217' title='bbox 507 2602 687 2644; x_wconf 87' lang='lat' dir='ltr'>rusticus</span> <span class='ocrx_word' id='word_1_218' title='bbox 714 2619 814 2645; x_wconf 82' lang='lat' dir='ltr'>arva</span> <span class='ocrx_word' id='word_1_219' title='bbox 840 2604 958 2653; x_wconf 89' lang='lat' dir='ltr'>bove,</span> 
     </span>
     <span class='ocr_line' id='line_1_38' title="bbox 34 2663 1101 2720; baseline 0.005 -16"><span class='ocrx_word' id='word_1_220' title='bbox 34 2676 114 2704; x_wconf 86' lang='lat' dir='ltr'>nec</span> <span class='ocrx_word' id='word_1_221' title='bbox 138 2663 226 2711; x_wconf 87' lang='lat' dir='ltr'>tibi,</span> <span class='ocrx_word' id='word_1_222' title='bbox 253 2677 513 2717; x_wconf 87' lang='lat' dir='ltr'>gemmarum</span> <span class='ocrx_word' id='word_1_223' title='bbox 538 2665 742 2720; x_wconf 89' lang='lat' dir='ltr'>quidquid</span> <span class='ocrx_word' id='word_1_224' title='bbox 768 2666 958 2707; x_wconf 83' lang='lat' dir='ltr'>felicibus</span> <span class='ocrx_word' id='word_1_225' title='bbox 984 2668 1101 2709; x_wconf 89' lang='lat' dir='ltr'>Indis</span> 
     </span>
     <span class='ocr_line' id='line_1_39' title="bbox 89 2725 931 2780; baseline 0.006 -14"><span class='ocrx_word' id='word_1_226' title='bbox 89 2725 287 2775; x_wconf 82' lang='lat' dir='ltr'>nascitur,</span> <span class='ocrx_word' id='word_1_227' title='bbox 314 2726 376 2768; x_wconf 91' lang='lat' dir='ltr'>eoi</span> <span class='ocrx_word' id='word_1_228' title='bbox 401 2740 485 2780; x_wconf 83' lang='lat' dir='ltr'>qua</span> <span class='ocrx_word' id='word_1_229' title='bbox 509 2728 633 2770; x_wconf 83' lang='lat' dir='ltr'>maris</span> <span class='ocrx_word' id='word_1_230' title='bbox 660 2729 772 2770; x_wconf 85' lang='lat' dir='ltr'>unda</span> <span class='ocrx_word' id='word_1_231' title='bbox 797 2729 931 2772; x_wconf 87' lang='lat' dir='ltr'>rubet.</span> 
     </span>
    </p>
   </div>
   <div class='ocr_carea' id='block_1_6' title="bbox 1 2821 54 2909">
    <p class='ocr_par' dir='ltr' id='par_1_15' title="bbox 1 2821 54 2909">
     <span class='ocr_line' id='line_1_40' title="bbox 1 2821 54 2909; baseline 0 0"><span class='ocrx_word' id='word_1_232' title='bbox 1 2821 54 2909; x_wconf 60' lang='grc' dir='ltr'>ὲ.</span> 
     </span>
    </p>
   </div>
   <div class='ocr_carea' id='block_1_7' title="bbox 1344 189 1398 232">
    <p class='ocr_par' dir='ltr' id='par_1_16' title="bbox 1344 189 1398 232">
     <span class='ocr_line' id='line_1_41' title="bbox 1344 189 1398 232; baseline 0 0"><span class='ocrx_word' id='word_1_233' title='bbox 1344 189 1398 232; x_wconf 83' lang='grc'>27</span> 
     </span>
    </p>
   </div>
   <div class='ocr_carea' id='block_1_8' title="bbox 1424 851 1469 886">
    <p class='ocr_par' dir='ltr' id='par_1_17' title="bbox 1424 851 1469 886">
     <span class='ocr_line' id='line_1_42' title="bbox 1424 851 1469 886; baseline 0.022 -1"><span class='ocrx_word' id='word_1_234' title='bbox 1424 851 1469 886; x_wconf 77' lang='lat'>80</span> 
     </span>
    </p>
   </div>
   <div class='ocr_carea' id='block_1_9' title="bbox 1423 1490 1467 1524">
    <p class='ocr_par' dir='ltr' id='par_1_18' title="bbox 1423 1490 1467 1524">
     <span class='ocr_line' id='line_1_43' title="bbox 1423 1490 1467 1524; baseline 0 0"><span class='ocrx_word' id='word_1_235' title='bbox 1423 1490 1467 1524; x_wconf 83' lang='lat'>90</span> 
     </span>
    </p>
   </div>
   <div class='ocr_carea' id='block_1_10' title="bbox 1418 2364 1462 2398">
    <p class='ocr_par' dir='ltr' id='par_1_19' title="bbox 1418 2364 1462 2398">
     <span class='ocr_line' id='line_1_44' title="bbox 1418 2364 1462 2398; baseline 0 0"><span class='ocrx_word' id='word_1_236' title='bbox 1418 2364 1462 2398; x_wconf 86' lang='lat'>10</span> 
     </span>
    </p>
   </div>
  </div>
 </body>
</html>
