1715 2844
317 81 372 123 42
915 90 975 126 111
997 93 1030 126 4.
1056 91 1079 127 5

316 187 393 215 nec
417 171 494 214 tibi
518 170 765 214 crediderim
790 173 898 215 votis
923 173 1129 215 contraria
1154 180 1253 215 vota

374 250 452 277 nec
477 242 640 277 tantum
665 236 822 277 crimen
847 242 1014 291 pectore
1038 236 1175 278 inesse
1199 243 1290 277 tuo:

247 309 292 344 85
315 314 414 340 nam
439 306 479 340 te
503 313 581 340 nec
604 299 711 340 vasti
737 306 971 354 genuerunt
996 313 1179 352 aequora
1202 298 1319 354 ponti

372 376 450 403 nec
474 361 687 402 flammam
712 362 883 403 volvens
909 376 978 403 ore
1004 360 1229 403 Chimaera
1252 360 1342 402 fero

316 438 393 465 nec
418 424 532 465 canis
557 424 767 479 anguinea
791 423 1008 465 redimitus
1032 430 1152 479 terga
1179 431 1359 473 caterva,

373 486 440 528 eui
464 493 547 527 tres
572 494 668 528 sunt
692 486 861 541 linguae
886 487 1249 541 tergeminumque
1275 494 1414 541 caput,

317 549 544 604 Scyllaque
567 549 799 604 virgineam
825 549 998 590 canibus
1024 549 1235 591 succincta
1259 549 1453 605 figuram,

248 624 292 657 90
372 627 450 654 nee
475 620 515 654 te
541 619 787 667 conceptam
814 627 939 654 saeva
963 612 1110 653 leaena
1133 612 1240 661 tulit,

315 675 495 717 barbara
518 690 596 717 nec
622 675 821 730 Scythiae
846 674 967 716 tellus
993 675 1251 717 horrendave
1277 674 1427 730 Syrtis,

371 739 445 780 sed
470 738 581 780 culta
606 746 647 780 et
672 738 786 779 duris
811 752 896 779 non
920 738 1149 779 habitanda
1175 738 1323 779 domus

316 809 356 843 et
379 802 504 857 longe
530 809 625 843 ante
651 801 752 843 alias
778 815 922 842 omnes
949 801 1168 842 mitissima
1192 808 1324 842 mater

371 865 491 918 isque
515 871 634 919 pater
658 878 741 918 quo
766 878 850 905 non
876 864 980 905 alter
1005 864 1235 905 amabilior.

246 932 290 966 95
314 927 419 969 haec
444 927 547 968 deus
572 927 615 968 in
641 927 790 968 melius
816 926 1001 968 crudelia
1027 927 1189 968 somnia
1213 933 1347 968 vertat

371 997 412 1034 et
434 990 577 1032 iubeat
600 990 763 1046 tepidos
788 989 903 1030 irrita
927 989 1035 1031 ferre
1059 997 1192 1031 notos.

967 1224 1019 1267 V.

312 1306 401 1349 Vos
427 1312 554 1355 tenet,
580 1304 771 1346 Etruscis
796 1309 940 1345 manat
963 1317 1072 1357 quae
1097 1301 1284 1343 fontibus
1310 1302 1436 1352 unda,

370 1369 486 1410 unda
511 1369 589 1409 sub
615 1367 820 1410 aestivum
845 1382 928 1408 non
955 1365 1150 1407 adeunda
1175 1380 1335 1414 canem,

312 1447 425 1473 nunc
451 1438 591 1473 autem
616 1431 744 1472 sacris
771 1430 971 1471 Baiarum
990 1430 1184 1484 proxima
1207 1428 1403 1483 lymphis,

371 1509 466 1536 eum
493 1510 537 1535 se
561 1508 771 1549 purpureo
798 1508 895 1534 vere
920 1491 1092 1533 remittit
1117 1490 1288 1532 humus:

266 1570 288 1605 5
313 1564 356 1599 at
380 1557 482 1598 mihi
507 1557 780 1612 Persephone
805 1556 969 1610 nigram
995 1554 1214 1596 denuntiat
1238 1553 1402 1596 horam:

370 1620 578 1662 immerito
603 1619 744 1660 iuveni
769 1633 894 1674 parce
918 1632 1083 1667 nocere,
1109 1617 1201 1658 dea.

312 1698 398 1725 non
424 1698 502 1739 ego
528 1682 730 1738 temptavi
753 1681 857 1723 nulli
882 1679 1128 1722 temeranda
1152 1680 1335 1721 virorum

371 1747 510 1788 audax
534 1745 770 1788 laudandae
796 1759 914 1785 sacra
938 1743 1088 1785 docere
1114 1742 1231 1792 deae,

313 1825 391 1852 nec
416 1825 510 1852 mea
534 1808 758 1850 mortiferis
784 1807 928 1849 infecit
953 1806 1105 1861 poeula
1130 1806 1239 1847 sucis

246 1886 290 1920 10
371 1873 542 1915 dextera
566 1887 643 1914 nec
669 1871 866 1925 cuiquam
892 1869 989 1911 trita
1013 1884 1176 1911 venena
1201 1868 1328 1918 dedit,

314 1951 391 1978 nec
416 1951 492 1977 nos
519 1936 739 1990 sacrilegos
765 1933 932 1988 templis
958 1931 1220 1974 admovimus
1245 1931 1378 1986 ignes,

369 2014 447 2040 nec
474 2014 544 2040 cor
569 1998 790 2039 sollicitant
817 1997 930 2038 facta
953 1994 1137 2037 nefanda
1162 2009 1316 2044 meum,

313 2077 391 2103 nec
416 2077 491 2102 nos
516 2062 687 2102 insanae
713 2059 962 2101 meditantes
987 2057 1124 2112 iurgia
1149 2057 1300 2099 mentis

372 2125 500 2179 impia
523 2125 565 2165 in
592 2124 787 2165 adversos
813 2122 1012 2163 solvimus
1037 2136 1110 2162 ora
1135 2120 1248 2162 deos.

247 2200 290 2234 15
315 2195 355 2230 et
379 2187 565 2228 nondum
592 2186 685 2227 cani
709 2186 850 2240 nigros
875 2185 1033 2226 laesere
1060 2183 1245 2238 capillos,

372 2265 449 2292 nec
476 2250 588 2291 venit
612 2248 731 2290 tardo
758 2263 886 2289 curva
911 2254 1079 2288 senecta
1103 2246 1221 2300 pede.

315 2314 495 2355 natalem
523 2312 656 2367 primo
680 2318 870 2352 nostrum
895 2310 1034 2351 videre
1059 2316 1266 2363 parentes,

373 2391 468 2417 eum
494 2375 643 2417 cecidit
668 2374 753 2415 fato
780 2372 924 2415 consul
949 2378 1126 2424 uterquc
1151 2370 1252 2425 pari.

316 2439 417 2494 quid
442 2438 634 2479 fraudare
659 2437 773 2478 iuvat
798 2436 925 2477 vitem
951 2433 1233 2475 crescentibus
1259 2432 1350 2474 uvis

247 2514 292 2548 20
373 2509 415 2544 et
439 2501 564 2542 modo
590 2507 688 2541 nata
713 2499 822 2540 mala
847 2498 999 2539 vellere
1025 2512 1148 2552 poma
1173 2496 1325 2536 manu?

317 2565 487 2621 parcite,
513 2564 715 2619 pallentes
742 2562 875 2603 undas
900 2560 1154 2615 quicumque
1179 2558 1327 2600 tenetis

373 2628 562 2681 duraque
588 2625 721 2668 sortiti
745 2625 866 2667 tertia
889 2639 1020 2679 regna
1045 2621 1121 2664 dei.
