1667 2909
3 2870 42 2909 r<
8 2839 11 2850 ⁴*

598 137 843 165 TESTIMONIA
861 138 1040 170 ANTIQUA
1422 131 1546 163 XXIII

183 220 256 246 non
273 210 344 246 fuit
359 211 430 247 hoc
444 211 499 246 illi
515 211 649 257 fraudi,
666 212 873 258 legiturque
892 212 1062 247 Tibullus

232 260 269 292 et
285 258 418 303 placet,
436 261 474 293 et
488 258 562 292 iam
579 261 615 292 te
632 258 797 303 principe
815 261 920 292 notus
939 261 1026 292 erat.

182 302 348 338 invenies
365 304 495 339 eadem
511 303 638 338 blandi
655 307 854 349 praecepta
870 303 1057 349 Properti:
1477 301 1547 338 465

233 349 427 384 destrictus
443 349 594 384 minima
608 360 677 384 nec
693 352 817 384 tamen
833 349 895 384 ille
912 353 1000 384 nota
1017 352 1081 385 est.

183 394 242 429 his
259 406 329 442 ego
345 395 505 430 successi
519 415 567 421 —

138 461 243 499 Idem
259 463 371 498 Trist.
389 463 445 499 IV
461 463 516 509 10,
532 464 577 499 51

185 520 390 567 Vergilium
405 521 482 556 vidi
497 524 652 565 tantum,
671 532 740 556 nec
757 531 881 555 amara
898 520 1048 556 Tibullo

230 564 371 612 temPus
389 566 572 602 amicitiae
589 566 669 601 fata
686 567 818 601 dedere
836 578 950 602 meae.

186 623 371 647 successor
386 612 456 647 fuit
472 613 532 648 hic
547 613 629 657 tibi,
649 612 769 657 Galle,
789 613 1003 659 Propertius
1019 613 1091 649 illi:

228 662 378 703 quartus
396 659 442 694 ab
462 659 518 693 his
536 659 629 694 serie
645 659 820 704 temporis
837 660 916 705 ipse
935 659 1000 695 fui.

137 724 243 761 Idem
260 727 372 762 Trist.
391 727 427 763 V
443 728 476 771 1,
495 727 539 762 15

186 784 338 819 delicias
355 784 386 819 si
404 784 486 830 quis
503 784 713 830 lascivaque
732 785 893 820 earmina
909 786 1066 830 quaerit,

229 841 461 875 praemoneo,
479 842 675 876 numquam
693 831 830 877 scripta
847 832 944 877 quod
960 832 1031 866 ista
1048 833 1160 878 legat.

184 875 304 922 aptior
320 877 405 911 huic
422 875 552 911 Gallus
568 877 768 923 blandique
786 878 999 923 Propertius
1017 877 1100 922 oris,

229 922 360 967 aptior,
377 922 566 968 ingenium
584 934 697 967 come,
716 923 887 958 Tibullus
905 924 1002 957 erit.1

184 971 296 1013 atque
311 968 450 1003 utinam
467 979 616 1004 numero
632 979 697 1003 nos
715 980 787 1003 non
805 980 965 1004 essemus
982 969 1020 1004 in
1036 970 1123 1004 isto!

229 1014 264 1048 ei
280 1014 381 1059 mihi,
400 1026 463 1049 cur
478 1026 650 1060 umquam
668 1015 775 1049 Musa
791 1015 911 1050 iocata
927 1026 1010 1050 mea
1027 1016 1106 1050 est?

137 1087 341 1125 Velleius
361 1088 629 1124 Paterculus
644 1090 684 1124 ΙΙ
701 1090 756 1134 36,
776 1090 798 1125 3
815 1101 932 1136 paene
950 1091 1060 1125 stulta
1078 1095 1131 1125 est
1149 1090 1415 1126 inhaerentium
1433 1089 1548 1124 oculis

94 1133 325 1180 ingeniorum
349 1136 584 1179 enumeratio,
613 1135 708 1170 inter
731 1147 824 1181 quae
847 1136 1002 1171 maxime
1025 1137 1139 1171 nostri
1163 1136 1243 1171 aevi
1269 1136 1427 1171 eminent
1449 1135 1547 1181 prin-

95 1191 183 1226 ceps
207 1181 406 1215 carminum
423 1181 611 1227 Vergilius
628 1181 873 1227 Rabiriusque
898 1187 934 1217 et
958 1187 1171 1217 consecutus
1189 1182 1400 1218 Sallustium
1419 1182 1548 1216 Livius

93 1226 336 1271 Tibullusque
355 1230 391 1260 ct
404 1226 515 1270 Naso,
533 1227 791 1272 perfectissimi
807 1228 845 1262 in
862 1228 980 1263 forma
997 1229 1117 1275 operis
1135 1228 1209 1263 sui:
1226 1240 1311 1264 nam
1327 1228 1490 1263 vivorum
1506 1231 1548 1262 ut

94 1283 230 1318 magna
248 1272 452 1316 admiratio,
468 1272 522 1306 ita
539 1283 691 1307 censura
708 1273 870 1308 difficilis
889 1278 954 1309 est.

140 1344 447 1387 Quintilianus
481 1346 569 1381 Inst.
600 1358 649 1381 or.
676 1348 713 1382 X
738 1349 770 1390 1,
796 1348 840 1382 93
865 1348 987 1395 elegia
1011 1359 1156 1394 quoque
1187 1348 1348 1384 Graecos
1374 1359 1546 1393 provoca-

94 1402 186 1436 mus,
210 1391 312 1426 cuius
328 1392 416 1426 mihi
439 1396 557 1426 tersus
579 1397 689 1438 atque
713 1394 863 1439 elegans
884 1395 1039 1430 maxime
1060 1396 1205 1429 videtur
1224 1399 1349 1430 auctor
1366 1395 1547 1429 Tibullus.

94 1440 181 1519 &anfi
205 1437 268 1482 qui
289 1437 521 1483 Propertium
549 1439 686 1474 malint.
736 1440 888 1475 Ovidius
915 1444 1070 1487 utroque
1097 1441 1278 1486 lascivior,
1308 1441 1402 1476 sicut
1425 1440 1548 1475 durior

131 1494 153 1518 a
182 1494 234 1517 us.

141 1550 316 1587 Statius
335 1551 421 1588 Silv.
440 1553 459 1588 I
475 1554 508 1598 2,
524 1554 593 1589 250

547 1600 613 1634 sed
629 1600 826 1646 praecipue
845 1601 908 1646 qui
924 1601 1047 1636 nobile
1064 1612 1193 1649 gressu

186 1646 346 1680 extremo
361 1644 542 1680 fraudatis
559 1657 661 1691 opus,
681 1646 764 1680 date
783 1648 943 1681 earmina
960 1647 1065 1682 festis

185 1688 299 1735 digna
315 1690 416 1725 toris.
451 1691 547 1726 hunc
563 1691 642 1736 ipse
661 1691 735 1726 Coo
752 1693 948 1737 plaudente
966 1693 1132 1728 Philetas

184 1732 502 1782 Callimachusque
520 1748 629 1772 senex
645 1738 857 1782 Umbroque
876 1739 1093 1784 Propertius
1112 1743 1216 1775 antro

183 1781 383 1816 ambissent
399 1783 550 1817 laudare
569 1783 676 1827 diem,
694 1795 762 1818 ncc
778 1784 892 1819 tristis
909 1785 947 1819 iu
965 1785 1054 1830 ipsis

183 1826 284 1862 Naso
304 1827 431 1862 Tomis
449 1828 623 1873 divesque
640 1829 722 1864 foco
739 1830 883 1865 lucente
900 1830 1082 1865 Tibullus.

138 1893 366 1930 Martialis
382 1896 438 1931 IV
454 1897 475 1931 6

183 1950 294 1987 Credi
309 1952 451 1999 virgine
469 1953 602 1988 castior
618 1954 754 1999 pudica

183 2000 222 2033 et
236 1997 365 2033 frontis
382 2003 529 2034 tenerae
547 2000 650 2044 cupis
667 2001 796 2045 videri,

183 2054 266 2078 cum
283 2045 332 2079 sis
348 2045 560 2090 improbior,
579 2045 785 2089 Malisiane,

184 2100 293 2142 quam
310 2090 374 2134 qui
390 2091 607 2136 compositos
624 2096 740 2126 metro
757 2092 900 2128 Tibulli

189 2146 228 2169 m
245 2134 382 2171 Stellae
399 2136 531 2171 recitat
547 2137 654 2171 domo
670 2137 823 2175 libellos.

138 2200 242 2237 Idem
258 2203 351 2239 VIII
369 2204 414 2240 70

186 2258 331 2300 Quanta
348 2261 450 2306 quies
467 2262 616 2308 placidi,
633 2267 737 2299 tanta
755 2268 810 2299 est
826 2265 999 2300 facundia
1016 2266 1171 2312 Nervae,

233 2305 298 2340 sed
315 2307 462 2342 cohibet
476 2308 571 2343 vires
587 2309 847 2356 ingeniumque
865 2312 991 2356 pudor.

184 2359 267 2385 cum
282 2351 418 2387 siccare
436 2364 577 2388 sacram
593 2355 697 2401 largo
713 2356 947 2392 Permessida
964 2362 1088 2403 posset

222 2406 303 2449 pre,
320 2400 562 2434 verecundam
578 2401 708 2435 maluit
725 2413 803 2436 csse
821 2402 930 2447 sitim,

185 2439 346 2477 Pieriam
361 2445 462 2479 tenui
478 2444 636 2481 frontem
652 2447 822 2483 redimire
841 2459 974 2484 corona

232 2491 432 2535 contentus,
450 2490 571 2526 famae
588 2503 656 2527 nec
673 2493 760 2527 darc
777 2494 859 2528 vela
877 2506 974 2529 suae.

187 2532 252 2566 sed
267 2535 390 2586 tamen
407 2536 502 2572 hunc
518 2538 631 2571 nostri
648 2539 716 2572 scit
732 2541 906 2585 temporis
925 2551 1003 2575 esse
1023 2541 1224 2587 Tibullum,

237 2588 396 2614 carmina
413 2582 476 2626 qui
494 2583 591 2618 docti
608 2588 694 2618 nota
710 2585 865 2620 Neronis
883 2585 1004 2621 habet.

163 2695 179 2720 1
198 2693 243 2722 Oi.
256 2695 345 2722 'rank
356 2696 394 2722 de
406 2697 497 2724 'ri-iet.
510 2698 565 2725 Ov.
580 2707 684 2726 recens
696 2707 725 2733 p.
737 2701 781 2726 44.
