1667 2909
696 192 762 229 13

53 272 168 330 ipsae
192 273 317 317 mella
341 274 497 316 dabant
521 289 711 329 quercus,
736 275 930 328 ultroque
953 274 1145 316 ferebant

110 337 234 378 obvia
259 337 414 380 securis
438 337 568 379 ubera
593 338 710 379 lactis
737 351 849 379 oves.

53 413 137 441 non
161 400 284 450 acies,
309 415 392 442 non
416 400 478 442 ira
502 400 594 448 fuit,
620 415 703 442 non
729 400 851 448 bella,
878 414 954 441 nec
981 414 1120 441 ensem

109 463 257 504 immiti
282 478 431 504 saevus
457 462 632 504 duxerat
658 471 745 504 arte
770 463 899 504 faber.

53 540 165 567 nunc
188 526 289 567 Iove
314 525 392 567 sub
417 525 586 567 domino
612 526 759 567 caedes
785 534 824 567 et
849 526 1022 566 vulnera
1047 539 1223 580 semper,

109 603 227 630 nunc
245 603 372 638 mare,
398 603 509 630 nunc
533 588 605 630 leti
630 588 742 630 mille
759 597 934 645 repente
948 588 1051 629 viae.

52 665 189 706 parce,
214 659 342 706 pater.
389 651 580 692 timidum
605 666 688 693 non
713 666 780 693 me
803 651 984 706 periuria
1008 658 1176 699 terrent,

109 728 191 754 non
216 713 326 755 dicta
349 713 391 755 in
416 722 580 756 sanctos
605 714 734 769 impia
758 714 886 756 verba
911 714 1024 755 deos.

53 775 166 830 quod
190 776 225 817 si
248 776 395 818 fatales
419 776 503 818 iam
527 791 638 818 nunc
664 777 922 832 explevimus
947 791 1092 824 annos,

107 838 175 881 fac
198 839 303 894 lapis
329 839 535 895 inscriptis
560 848 640 882 stet
664 855 790 895 super
814 855 909 881 ossa
930 839 1058 880 notis:

53 901 138 943 ‘hic
161 901 270 943 iacet
293 902 440 943 immiti
465 910 737 958 consumptus
761 913 894 944 morte
919 901 1128 950 Tibullus,

107 963 352 1006 Messallam
376 974 485 1006 terra
509 965 610 1006 dum
635 965 904 1019 sequiturque
929 964 1058 1005 mari?

51 1026 126 1068 sed
148 1041 228 1076 me,
254 1027 367 1082 quod
390 1027 524 1069 facilis
549 1035 691 1069 tenero
718 1043 810 1069 sum
837 1042 1000 1082 semper
1025 1026 1188 1075 Amori,

106 1089 198 1145 ipsa
221 1090 367 1133 Venus
392 1105 562 1146 campos
587 1091 711 1132 ducet
736 1091 778 1132 in
803 1090 984 1146 Elysios.

51 1151 118 1195 hic
142 1153 317 1196 choreae
343 1161 572 1208 cantusque
597 1154 753 1209 vigent,
779 1154 1017 1210 passimque
1043 1160 1245 1208 vagantes

108 1215 229 1258 dulce
253 1224 402 1258 sonant
426 1216 541 1258 tenui
566 1224 734 1272 gutture
759 1231 927 1259 carmen
952 1232 1068 1258 aves:

50 1278 131 1321 fert
155 1278 310 1320 casiam
334 1294 417 1320 non
442 1280 553 1321 culta
577 1295 710 1335 seges,
737 1287 929 1334 totosque
954 1295 1029 1335 per
1054 1294 1177 1335 agros

107 1341 226 1384 floret
249 1341 430 1384 odoratis
455 1350 565 1384 terra
589 1342 773 1398 benigna
798 1343 921 1384 rosis:

51 1419 100 1446 ac
123 1404 322 1446 iuvenum
347 1404 472 1447 series
497 1405 649 1447 teneris
673 1405 863 1447 immixta
887 1405 1036 1461 puellis

106 1467 223 1516 ludit,
249 1475 290 1510 et
313 1467 486 1509 adsidue
511 1468 668 1523 proelia
690 1469 836 1510 miscet
861 1469 1007 1510 Amor.

50 1530 134 1572 illio
158 1538 232 1580 est,
258 1530 506 1584 cuicumque
531 1546 662 1586 rapax
686 1546 797 1572 mors
822 1531 936 1573 venit
961 1531 1130 1579 amanti,

106 1600 147 1635 et
170 1593 277 1649 gerit
301 1593 453 1649 insigni
478 1602 640 1648 myrtea
665 1602 774 1636 serta
800 1609 931 1636 coma.

51 1663 93 1697 at
116 1656 317 1698 scelerata
341 1656 447 1698 iacet
473 1656 592 1698 sedes
617 1657 659 1698 in
684 1667 806 1699 nocte
831 1657 1041 1712 profunda

106 1719 261 1768 abdita,
287 1733 413 1773 quam
439 1719 595 1761 circum
619 1720 792 1761 flumina
815 1721 936 1776 nigra
961 1727 1129 1762 sonant:

50 1781 362 1837 Tisiphoneque
386 1782 553 1838 impexa
578 1782 688 1824 feros
713 1798 789 1838 pro
815 1783 997 1824 crinibus
1024 1798 1182 1837 angues

107 1844 251 1894 saevit,
277 1852 318 1886 et
341 1844 423 1886 huc
447 1845 545 1887 illuc
570 1845 698 1900 impia
722 1846 845 1887 turba
869 1846 996 1900 fugit:

50 1915 150 1949 tunc
174 1908 292 1964 niger
315 1907 358 1948 in
382 1915 502 1962 porta
527 1917 766 1963 serpentum
793 1907 1006 1950 Cerberus
1033 1923 1102 1950 ore

107 1970 251 2013 stridet
275 1978 316 2012 et
340 1979 500 2012 aeratas
527 1971 706 2012 excubat
730 1979 824 2013 ante
850 1971 973 2013 fores.

49 2032 134 2075 illic
157 2032 362 2075 Iunonem
386 2040 588 2089 temptare
613 2034 770 2075 Ixionis
795 2035 884 2076 ausi

106 2103 325 2137 versantur
349 2096 472 2138 celeri
496 2096 621 2137 noxia
645 2098 833 2138 membra
857 2105 965 2138 rota:

49 2166 348 2213 porrectusque
372 2173 523 2201 novem
547 2159 693 2214 Tityos
719 2175 793 2215 per
822 2160 968 2215 iugera
993 2168 1125 2202 terrae

107 2221 302 2262 adsiduas
327 2229 415 2262 atro
439 2222 596 2264 viscere
621 2223 751 2278 pascit
777 2238 888 2265 aves.

50 2283 253 2325 Tantalus
279 2291 341 2326 est
364 2283 461 2334 illic,
487 2292 528 2326 et
553 2285 708 2327 circum
734 2294 901 2341 stagna:
928 2286 1000 2328 sed
1026 2301 1163 2328 acrem

106 2346 189 2387 iam
213 2346 295 2387 iam
319 2347 457 2402 poturi
481 2347 633 2389 deserit
658 2348 771 2389 unda
797 2349 927 2390 sitim:

52 2417 92 2451 et
115 2408 256 2450 Danai
279 2410 429 2464 proles,
455 2410 632 2452 Veneris
659 2411 771 2465 quod
796 2412 968 2453 numina
993 2413 1124 2462 laesit,

107 2471 150 2512 in
175 2486 278 2513 cava
302 2471 512 2514 Lethaeas
539 2473 649 2515 dolia
674 2483 811 2529 portat
835 2490 977 2528 aquas.

51 2534 136 2576 illic
160 2534 226 2583 sit,
251 2534 502 2589 quicumque
527 2551 641 2578 meos
666 2537 835 2578 violavit
861 2552 1035 2587 amores,

108 2596 268 2651 optavit
290 2595 423 2638 lentas
449 2606 489 2639 et
513 2599 613 2639 mihi
638 2599 816 2640 militias.

54 2666 95 2699 at
119 2666 164 2699 tu
190 2665 303 2700 casta
327 2673 473 2714 precor
496 2676 678 2709 maneas,
705 2661 919 2714 sanctique
944 2662 1113 2716 pudoris

111 2720 298 2763 adsideat
322 2729 460 2763 custos
485 2723 629 2765 sedula
653 2739 817 2779 semper
841 2739 957 2767 anus.

1428 277 1473 312 45

1429 596 1474 630 50

1430 905 1475 940 55

1429 1226 1474 1261 60

1429 1543 1473 1577 65

1429 1853 1473 1887 70

1426 2486 1471 2520 80
