1715 2844
294 114 350 157 46
849 124 908 160 111
933 125 953 160 7
979 124 1047 169 (1v
1064 125 1098 170 1)

294 215 336 249 at
361 214 434 248 tua
456 221 541 248 non
564 206 709 249 titulus
734 207 870 263 capiet
895 207 974 249 sub
999 207 1168 250 nomine
1192 207 1317 258 facta,

295 277 463 312 aeterno
489 269 561 312 sed
587 277 708 312 erunt
732 270 809 311 tibi
834 286 989 326 magna
1019 270 1235 312 volumina
1260 285 1398 322 versu,

225 337 270 373 35
294 334 627 387 convenientique
651 340 745 374 tuas
771 333 912 388 cupidi
937 348 1188 389 componere
1212 333 1360 376 laudes

293 397 480 450 undique
505 396 661 450 quique
687 403 838 437 canent
862 396 1002 438 vincto
1027 397 1135 452 pede
1158 397 1315 452 quique
1341 397 1489 438 soluto.

293 459 386 513 quis
411 459 562 514 potior,
589 466 800 500 certamen
825 459 920 500 erit:
947 459 1025 500 sim
1051 459 1184 501 victor
1208 460 1252 500 in
1276 460 1372 510 illis,

292 529 339 563 ut
362 529 553 563 nostrum
577 522 704 563 tantis
728 522 954 563 inscribam
978 536 1133 563 nomen
1157 522 1200 563 in
1226 523 1343 564 actis.

349 600 448 626 nam
472 585 565 639 quis
591 592 631 626 te
656 584 815 626 maiora
841 585 948 639 gerit
974 585 1174 627 castrisve
1200 585 1370 627 forove?

223 659 269 694 40
292 662 370 689 nec
395 655 537 689 tamen
562 647 629 689 hic
655 654 727 689 aut
751 647 818 689 hic
843 647 918 688 tibi
942 647 1034 689 laus
1061 647 1246 689 maiorve
1272 648 1474 698 minorve,

292 711 403 752 iusta
426 710 518 766 pari
542 711 745 766 premitur
768 710 898 751 veluti
923 725 1019 751 cum
1044 711 1228 766 pondere
1252 711 1373 760 libra,

292 789 423 830 prona
448 788 525 814 nec
550 774 629 815 hac
654 774 748 829 plus
774 780 892 828 parte
918 773 1036 814 sedet
1059 788 1138 815 nec
1164 774 1298 830 surgit
1323 774 1376 815 ab
1400 773 1484 822 illa,

292 837 440 891 qualis,
467 837 738 890 inaequatum
765 837 799 877 si
825 836 994 890 quando
1020 851 1125 877 onus
1151 844 1273 892 urget
1298 837 1523 891 utrimque,

290 900 496 942 instabilis
520 907 638 940 natat
662 900 822 941 alterno
849 899 1085 954 depressior
1110 899 1223 941 orbe.

221 974 266 1009 45
347 979 445 1005 nam
471 978 545 1005 seu
571 962 725 1004 diversi
750 962 902 1004 fremat
927 962 1206 1004 inconstantia
1229 962 1359 1018 vulgi,

289 1041 374 1068 non
400 1026 506 1067 alius
534 1025 680 1067 sedare
705 1033 851 1079 queat:
878 1040 952 1067 seu
977 1025 1127 1066 iudicis
1152 1025 1214 1066 ira

290 1090 343 1131 sit
366 1089 586 1145 placanda,
613 1088 696 1129 tuis
722 1088 876 1143 poterit
900 1088 1119 1129 mitescere
1144 1087 1297 1129 verbis.

289 1167 373 1193 non
396 1152 527 1207 Pylos
553 1159 624 1192 aut
649 1151 796 1192 Ithace
823 1158 961 1192 tantos
986 1151 1184 1206 genuisse
1210 1150 1401 1192 feruntur

288 1216 469 1257 Nestora
494 1215 561 1257 vel
586 1229 742 1270 parvae
766 1228 970 1269 magnum
997 1214 1124 1255 decus
1151 1213 1268 1255 urbis
1292 1213 1466 1262 Ulixen,

220 1290 265 1325 50
290 1279 440 1320 vixerit
466 1278 534 1319 ille
561 1293 688 1319 senex
714 1277 921 1331 quamvis,
947 1276 1049 1318 dum
1073 1283 1193 1319 terna
1217 1292 1292 1332 per
1317 1277 1461 1318 orbem

291 1343 460 1384 saecula
485 1341 692 1383 fertilibus
719 1341 846 1382 Titan
872 1341 1111 1382 decurreret
1136 1340 1262 1390 horis,

288 1406 358 1449 ille
383 1421 458 1461 per
483 1406 649 1461 ignotas
676 1405 815 1446 audax
841 1404 1041 1446 erraverit
1066 1404 1207 1454 urbes,

288 1484 373 1523 qua
397 1469 522 1510 maris
549 1467 745 1510 extremis
772 1467 894 1509 tellus
920 1467 1148 1509 includitur
1172 1466 1308 1508 undis.

287 1548 386 1574 nam
413 1531 707 1585 Ciconumque
732 1545 881 1572 manus
907 1530 1092 1572 adversis
1118 1529 1299 1585 reppulit
1326 1529 1466 1579 armis,

221 1607 265 1641 55
291 1609 369 1637 nec
400 1595 532 1636 valuit
556 1595 662 1635 lotos
689 1601 858 1649 coeptos
885 1601 1074 1635 avertere
1099 1608 1261 1643 cursus,

290 1658 413 1700 cessit
440 1665 479 1699 et
504 1658 723 1699 Aetnaeae
749 1656 989 1712 Neptunius
1014 1655 1151 1697 incola
1175 1655 1291 1711 rupis

289 1722 401 1763 victa
424 1721 631 1762 Maroneo
658 1720 851 1761 foedatus
876 1719 1036 1760 lumina
1061 1717 1251 1760 Baccho:

289 1785 403 1826 vexit
428 1791 468 1825 et
494 1783 664 1824 Aeolios
690 1782 903 1837 placidum
928 1797 1003 1837 per
1027 1781 1167 1823 Nerea
1191 1788 1358 1823 ventos:

288 1847 467 1888 incultos
493 1846 596 1887 adiit
620 1845 937 1901 Laestrygonas
962 1844 1325 1900 Antiphatenque,

221 1917 266 1951 60
289 1910 441 1952 nobilis
466 1909 640 1950 Artacie
665 1908 804 1963 gelida
830 1922 935 1962 quos
960 1907 1106 1962 irrigat
1130 1907 1262 1949 unda:

291 1974 425 2015 solum
451 1987 529 2014 nec
554 1972 702 2013 doctae
727 1978 942 2013 verterunt
966 1971 1119 2026 pocula
1144 1968 1302 2019 Circes,

289 2035 480 2091 quamvis
506 2036 577 2076 illa
601 2035 709 2076 foret
735 2033 846 2075 Solis
872 2049 1019 2089 genus,
1045 2040 1143 2089 apta
1167 2033 1233 2075 vel
1259 2033 1398 2074 herbis

290 2107 471 2154 aptaque
497 2098 564 2140 vel
591 2105 717 2139 cantu
742 2105 904 2138 veteres
930 2104 1093 2138 mutare
1117 2096 1295 2152 figuras:

292 2161 550 2203 Cimmerion
577 2161 703 2203 etiam
729 2160 931 2201 obscuras
958 2159 1134 2201 accessit
1159 2159 1213 2200 ad
1238 2158 1358 2208 arcis,

221 2238 264 2271 05
290 2225 384 2279 quis
410 2238 643 2278 numquam
668 2223 874 2264 candente
900 2222 988 2264 dies
1014 2222 1206 2277 apparuit
1233 2228 1340 2269 ortu,

290 2303 363 2329 seu
390 2302 516 2341 supra
541 2294 671 2328 terras
696 2285 898 2327 Phoebus
925 2300 999 2327 seu
1025 2291 1208 2326 curreret
1233 2284 1360 2326 infra:

290 2351 406 2399 vidit,
433 2357 479 2391 ut
503 2349 668 2391 inferno
693 2349 888 2390 Plutonis
914 2347 1083 2389 subdita
1106 2361 1237 2401 regno

290 2429 445 2469 magna
470 2413 596 2453 deum
621 2412 758 2468 proles
784 2411 947 2453 levibus
974 2410 1226 2452 discurreret
1251 2410 1425 2460 umbris,

289 2476 585 2533 praeteriitque
611 2475 693 2517 cita
718 2474 915 2517 Sirenum
940 2474 1061 2515 litora
1085 2473 1230 2528 puppi.

222 2550 266 2585 70
289 2541 407 2581 illum
433 2539 539 2580 inter
564 2538 755 2594 geminae
781 2544 951 2579 nantem
978 2535 1159 2578 confinia
1184 2536 1328 2577 mortis

290 2618 368 2644 nec
395 2601 562 2657 Scyllae
589 2616 714 2642 saevo
741 2600 968 2642 conterruit
992 2599 1172 2654 impetus
1199 2613 1282 2648 ore,

291 2681 388 2708 cum
413 2664 588 2708 canibus
612 2663 781 2708 rabidas
807 2663 914 2708 inter
938 2662 1028 2705 fera
1053 2669 1238 2717 serperet
1265 2662 1412 2711 undas,
