1715 2844
300 136 326 178 8
941 143 1007 178 Ι3

254 231 276 267 5
302 227 526 276 abstineas,
551 240 662 267 mors
688 231 791 275 atra,
817 239 982 280 precor:
1008 239 1090 266 non
1116 224 1183 266 hie
1207 223 1307 265 mihi
1331 231 1463 267 mater

357 304 464 344 quae
489 290 602 345 legat
626 289 669 330 in
692 295 871 330 maestos
897 303 991 329 ossa
1015 295 1184 342 perusta
1208 287 1336 337 sinus,

302 368 386 395 non
412 367 541 402 soror,
568 351 766 406 Assyrios
792 351 919 392 cineri
944 365 1051 404 quae
1076 351 1200 392 dedat
1225 350 1372 392 odores

359 424 400 458 et
423 417 520 457 fleat
545 415 688 457 effusis
714 421 808 455 ante
834 413 1025 468 sepulcra
1049 413 1191 462 comis,

299 479 425 521 Delia
449 493 533 519 non
558 492 750 531 usquam,
777 490 884 530 quae
909 491 976 517 me
1002 491 1097 517 eum
1121 476 1302 518 mitteret
1325 475 1443 526 urbe,

232 550 277 585 10
358 541 508 583 dieitur
534 548 630 581 ante
655 554 798 580 omnes
824 538 1082 580 consuluisse
1108 538 1220 580 deos.

300 605 372 646 illa
397 618 536 645 sacras
561 602 679 658 pueri
704 609 834 643 sortes
860 608 922 643 ter
946 601 1131 642 sustulit:
1156 601 1216 642 illi

356 666 514 708 rettulit
539 680 561 706 e
585 664 716 706 triviis
741 664 882 705 omina
905 671 1018 705 certa
1043 679 1160 719 puer.

307 737 458 772 cuneta
482 728 638 769 dabant
662 727 838 769 reditus:
864 734 1004 768 tamen
1029 733 1091 768 est
1116 726 1312 768 deterrita
1334 739 1576 780 numquam,

358 793 460 847 quin
484 792 601 833 fleret
624 798 786 832 nostras
811 798 1094 845 respueretque
1119 790 1222 830 vias.

234 864 279 899 15
302 856 391 911 ipse
417 869 495 910 ego
522 854 689 903 solator,
715 868 811 894 oum
835 852 918 893 iam
942 852 1140 893 mandata
1165 851 1385 902 dedissem,

358 917 613 973 quaerebam
637 916 778 957 tardas
803 915 951 956 anxius
976 928 1109 968 usque
1133 929 1284 955 moras.

304 990 375 1023 aut
400 995 479 1037 ego
505 995 599 1021 sum
624 986 819 1020 causatus
844 992 942 1019 aves
968 986 1040 1018 aut
1064 978 1206 1018 omina
1230 977 1333 1027 dira,

362 1041 615 1097 Saturni<ve>
640 1056 802 1083 sacram
825 1056 893 1082 me
919 1040 1102 1082 tenuisse
1128 1040 1250 1082 diem.

305 1122 329 1148 o
355 1106 547 1161 quotiens
572 1105 785 1160 ingressus
809 1104 887 1145 iter
911 1103 1011 1144 mihi
1037 1103 1170 1144 tristia
1195 1102 1282 1143 dixi

234 1178 280 1214 20
360 1169 569 1211 offensum
592 1168 636 1209 in
665 1175 785 1222 porta
809 1166 930 1222 signa
955 1165 1119 1207 dedisse
1144 1164 1312 1220 pedem!

305 1232 457 1274 audeat
481 1231 610 1273 invito
635 1245 687 1271 ne
713 1229 805 1284 quis
831 1228 1044 1270 discedere
1069 1229 1242 1278 Amore,

361 1303 433 1337 aut
458 1294 561 1336 soiat
586 1308 803 1348 egressum
828 1307 872 1333 se
896 1291 1142 1346 prohibente
1167 1291 1258 1333 deo.

304 1358 406 1413 quid
430 1365 502 1399 tua
525 1371 638 1398 1111110
663 1356 742 1397 1818
767 1354 888 1404 1111111,
915 1354 1054 1403 Delia,
1081 1353 1182 1408 quid
1206 1352 1309 1394 mihi
1333 1358 1507 1408 prosunt

361 1422 432 1462 illa
455 1428 528 1462 tua
552 1419 703 1461 totiens
729 1433 826 1460 aera
850 1417 1019 1472 repulsa
1043 1432 1185 1466 manu,

235 1496 281 1530 25
305 1484 474 1539 quidve,
498 1482 566 1538 pie
591 1482 692 1523 dum
717 1495 835 1522 saera
859 1480 973 1529 00118,
1000 1493 1186 1534 pureque
1209 1478 1340 1520 lavari

362 1555 403 1589 te
428 1571 481 1575 —-
507 1544 678 1587 memini
702 1569 758 1574 —
783 1551 822 1585 et
847 1558 952 1598 puro
978 1542 1219 1584 secubuisse
1244 1541 1360 1582 toro?

305 1625 430 1660 nune,
457 1609 548 1658 dea,
573 1622 683 1650 1111110
709 1621 903 1648 succurre
927 1605 1047 1646 mihi:
1073 1620 1170 1646 nam
1196 1619 1318 1659 posse
1343 1601 1499 1645 mederi

361 1673 473 1729 pieta
498 1672 619 1713 docet
644 1670 807 1725 templis
832 1668 965 1710 multa
989 1667 1144 1709 tabella
1169 1667 1269 1708 tuis:

306 1744 352 1778 ut
376 1750 470 1777 mea
494 1735 656 1776 votivas
682 1732 922 1788 persolvens
947 1730 1073 1772 Delia
1098 1744 1221 1772 voees

239 1804 283 1838 30
364 1806 460 1840 ante
486 1812 624 1838 sacras
649 1796 734 1837 11110
760 1802 868 1837 tecta
892 1793 1002 1835 fores
1028 1792 1172 1834 sedeat

305 1861 453 1915 bisque
479 1860 545 1901 die
569 1858 753 1900 resoluta
777 1872 916 1899 eomas
942 1856 1019 1897 tibi
1044 1855 1181 1897 dicere
1206 1854 1350 1896 laudes

361 1923 538 1978 insignis
563 1922 686 1963 turba
711 1920 861 1962 debeat
885 1919 927 1960 in
953 1918 1122 1959 Pharia.

306 1995 349 2028 at
373 1986 474 2027 mihi
499 1985 713 2040 contingat
736 1983 889 2038 patrios
915 1981 1124 2023 celebrare
1148 1986 1319 2035 penates

363 2048 619 2102 reddereque
644 2046 815 2100 antiquo
840 2051 1054 2086 menstrua
1078 2051 1172 2084 tura
1194 2042 1280 2083 lari.

238 2124 282 2157 35
307 2127 433 2166 quam
460 2111 565 2152 bene
593 2110 776 2150 Saturno
801 2107 998 2149 vivebant
1023 2120 1135 2160 rege,
1161 2104 1274 2160 prius
1297 2116 1423 2156 quam

362 2174 484 2216 tellus
508 2174 551 2214 in
576 2174 722 2227 longas
747 2178 810 2212 est
834 2170 1045 2225 patefacta
1068 2166 1178 2209 vias!

305 2236 490 2278 nondum
516 2235 728 2277 caeruleas
754 2233 874 2288 pinus
901 2236 1204 2286 contempserat
1231 2228 1378 2277 undas,

362 2299 541 2341 effusum
566 2297 700 2339 ventis
726 2295 1057 2351 praebueratque
1082 2293 1230 2341 sinum,

306 2377 383 2404 1100
407 2376 540 2415 vagus
566 2359 719 2415 ignotis
744 2365 935 2413 repetens
961 2355 1209 2410 compendia
1233 2353 1351 2395 terris

238 2436 283 2472 40
363 2431 570 2479 presserat
596 2430 767 2464 externa
791 2421 933 2462 navita
958 2433 1095 2460 meroe
1120 2424 1264 2458 ratem.

305 2488 375 2529 illo
399 2502 483 2528 non
509 2485 671 2526 validus
697 2484 824 2525 subiit
848 2483 947 2537 iuga
972 2489 1157 2535 ternpore
1183 2486 1339 2528 taurus,

361 2564 444 2591 non
470 2548 624 2589 domito
650 2547 789 2588 frenos
815 2560 885 2586 ore
910 2543 1132 2584 momordit
1158 2556 1304 2595 equus,

306 2628 388 2654 non
414 2613 561 2653 domus
586 2610 671 2651 ulla
695 2609 804 2650 fores
830 2607 988 2656 habuit,
1013 2621 1096 2646 non
1121 2605 1228 2645 fixus
1254 2604 1296 2645 in
1321 2603 1446 2659 agris,

363 2675 434 2729 qui
460 2681 622 2729 regeret
649 2672 771 2714 certis
796 2671 948 2712 finibus
974 2684 1086 2717 arva,
1113 2667 1230 2721 lapis.
