1667 2909
751 223 817 258 15

98 310 142 345 at
165 303 266 345 mihi
291 303 457 347 felicem
481 303 622 353 vitam,
649 305 683 345 si
708 305 825 346 salva
848 304 1014 354 fuisses,

154 367 366 423 fingebam
391 367 575 416 demens,
601 367 676 409 sed
700 375 901 409 renuente
928 368 1019 409 deo.

97 444 196 471 rura
220 430 367 480 oolam,
394 430 650 485 frugumque
677 431 811 472 aderit
836 446 930 472 mea
955 430 1082 472 Delia
1108 438 1263 481 custos,

155 508 252 535 area
277 493 376 534 dum
400 508 556 534 messes
583 494 669 534 sole
695 494 855 535 calente
881 501 1000 543 teret,

98 564 171 597 aut
194 555 295 597 mihi
320 555 502 598 servabit
526 556 660 611 plenis
686 556 728 597 in
754 556 946 598 lintribus
973 572 1076 597 uvas

155 617 382 674 pressaque
406 619 540 660 veloci
566 619 745 661 candida
769 627 908 660 musta
932 620 1053 674 pede.

98 689 340 723 consuescet
365 697 585 723 numerare
609 697 750 737 pecus,
777 690 1023 744 consuescet
1049 683 1225 725 amantis

153 745 346 800 garrulus
370 745 413 786 in
439 745 632 786 dominae
657 745 801 787 ludere
827 760 956 787 verna
980 745 1087 787 sinu.

96 806 167 848 illa
191 807 269 849 deo
295 808 396 849 sciet
421 807 630 863 agricolae
655 823 729 863 pro
754 808 908 849 vitibus
934 824 1075 858 uvam,

153 885 229 926 pro
254 878 395 926 segete
421 871 570 926 spicas,
595 886 670 926 pro
696 886 825 926 grege
851 872 959 913 ferre
986 872 1149 927 dapem.

96 932 167 974 illa
190 941 309 988 regat
334 941 519 983 cunctos,
545 934 605 975 illi
630 934 712 975 sint.
737 935 877 975 onmia
903 949 1048 976 curae:

154 1005 196 1037 at
218 996 333 1038 iuvet
357 997 400 1037 in
425 1004 512 1038 tota
535 1012 602 1038 me
627 996 729 1038 nihil
755 1012 846 1039 esse
872 997 1010 1039 domo.

97 1058 180 1101 huc
204 1059 344 1102 veniet
366 1060 569 1101 Messalla
592 1075 724 1110 meus,
752 1060 818 1102 eui
844 1060 984 1102 dulcia
1007 1076 1133 1116 poma

153 1121 280 1164 Delia
305 1123 466 1165 selectis
493 1123 683 1164 detrahat
708 1123 946 1165 arboribus:

97 1193 138 1227 et
161 1193 323 1227 tantum
348 1194 545 1228 venerata
569 1186 718 1236 virum,
745 1186 857 1228 hunc
882 1187 1028 1228 sedula
1054 1195 1184 1237 curet,

153 1248 250 1291 huic
273 1257 392 1305 paret
416 1256 541 1303 atque
567 1250 713 1305 epulas
738 1249 830 1305 ipsa
854 1250 1044 1291 ministra
1069 1259 1199 1306 gerat.

97 1312 200 1354 haec
224 1312 326 1354 mihi
349 1313 575 1368 fingebam,
602 1327 710 1366 quae
734 1328 846 1355 nunc
872 1328 1082 1367 eur-usque
1105 1322 1313 1370 notusque

152 1376 278 1417 iactat
302 1375 496 1418 odoratos
521 1383 619 1416 vota
644 1391 718 1431 per
742 1376 982 1418 Armenios.

97 1454 221 1495 saepe
246 1437 325 1494 ego
350 1439 550 1494 temptavi
576 1454 697 1480 curas
724 1439 930 1494 depellere
957 1438 1073 1481 vino:

153 1510 196 1544 at
220 1502 338 1544 dolor
360 1502 404 1543 in
428 1501 619 1543 lacrimas
646 1510 828 1544 verterat
853 1517 975 1544 omne
1002 1518 1176 1545 merum.

97 1580 222 1621 saepe
248 1565 371 1606 aliam
396 1564 529 1606 tenui:
556 1565 630 1606 sed
654 1565 737 1606 iam
763 1580 859 1606 cum
884 1565 1042 1620 gaudia
1066 1567 1237 1617 adirem,

153 1627 369 1670 admonuit
393 1627 587 1669 dominae
612 1628 879 1682 deseruitque
905 1629 1064 1670 Venus.

97 1698 196 1733 tunc
219 1706 286 1733 me
312 1690 529 1732 discedens
555 1691 755 1732 devotum
780 1691 937 1732 femina
963 1691 1064 1732 dixit

154 1779 208 1784 —
233 1771 257 1795 a
282 1753 412 1809 pudet
437 1779 491 1783 —
517 1761 558 1795 et
582 1762 722 1795 narrat
748 1754 852 1796 scire
878 1755 1061 1796 nefanda
1087 1771 1235 1796 meam.

96 1832 178 1860 non
203 1817 303 1859 facit
327 1816 406 1858 hoc
429 1817 581 1866 verbis,
607 1817 714 1859 facie
739 1817 976 1871 tenerisque
1001 1817 1164 1859 lacertis

153 1881 330 1922 devovet
355 1888 396 1921 et
420 1880 538 1921 flavis
563 1887 704 1921 nostra
728 1880 869 1935 puella
895 1881 1038 1922 comis.

96 1944 190 1986 talis
214 1943 268 1985 ad
292 1943 574 1985 Haemonium
601 1943 748 1985 Nereis
773 1943 904 1985 Pelea
928 1944 1141 1998 quondam

153 2014 273 2048 vecta
296 2013 358 2048 est
381 2006 544 2048 frenato
570 2006 736 2047 caerula
761 2007 874 2061 pisce
899 2007 1058 2048 Thetis.

95 2069 200 2112 haec
223 2084 403 2111 nocuere
427 2069 542 2118 mihi,
567 2069 681 2122 quod
707 2069 825 2111 adest
851 2070 948 2111 huic
973 2070 1090 2111 dives
1117 2078 1296 2112 amator:

153 2132 267 2174 venit
290 2132 333 2174 in
359 2132 532 2174 exitium
557 2132 707 2173 callida
730 2133 826 2174 lena
850 2148 1004 2174 meum.

97 2196 346 2252 sanguineas
372 2195 468 2237 edat
492 2195 563 2236 illa
589 2196 716 2250 dapes
742 2204 867 2250 atque
893 2211 964 2237 ore
989 2204 1161 2237 cruento

152 2259 284 2300 tristia
308 2273 402 2299 cum
427 2259 558 2299 multo
584 2258 735 2313 pocula
759 2258 855 2300 felle
882 2259 1014 2300 bibat:

96 2320 203 2362 hanc
227 2320 401 2363 volitent
425 2321 589 2362 animae
615 2321 772 2363 circum
798 2337 873 2362 sua
898 2322 985 2363 fata
1009 2330 1230 2375 querentes

153 2399 328 2439 semper,
355 2391 395 2425 et
420 2399 441 2425 e
467 2384 584 2425 tectis
611 2384 712 2425 strix
738 2384 921 2426 violenta
945 2393 1084 2426 canat:

95 2447 186 2502 ipsa
209 2447 319 2488 fame
344 2446 582 2489 stimulante
607 2447 748 2489 furens
775 2447 1009 2501 herbasque
1035 2447 1234 2503 sepulcris

156 2516 327 2563 quaerat
352 2517 391 2551 et
417 2525 441 2550 a
465 2510 600 2551 saevis
624 2525 719 2552 ossa
742 2510 886 2552 relicta
911 2510 1034 2565 lupis,

97 2579 234 2614 currat
259 2579 299 2613 et
323 2571 563 2627 inguinibus
587 2573 710 2614 nudis
736 2573 950 2626 ululetque
976 2588 1049 2627 per
1073 2574 1211 2621 urbes,

152 2642 246 2690 post
271 2642 369 2689 agat
395 2650 416 2676 e
442 2635 572 2676 triviis
598 2651 744 2691 aspera
769 2635 892 2676 turba
917 2650 1079 2678 canum.

95 2697 277 2740 eveniet:
304 2696 375 2737 dat
400 2697 520 2751 signa
544 2697 664 2739 deus:
692 2706 787 2739 sunt
812 2698 984 2738 numina
1009 2698 1178 2747 amanti,

154 2759 285 2803 saevit
310 2766 350 2801 et
375 2759 528 2801 iniusta
552 2760 645 2815 lege
671 2761 813 2802 relicta
838 2760 997 2802 Venus.

1405 214 1457 256 13

1481 373 1526 407 20

1482 1003 1527 1037 30

1482 1319 1527 1353 35

1479 1634 1525 1668 40

1478 1950 1522 1984 45
