1715 2844
262 95 318 135 22
874 102 894 137 Ι
917 103 949 138 9.
970 103 1014 138 10

321 192 362 228 et
386 191 529 241 pateat
554 185 716 242 cupidis
743 200 907 241 semper
933 191 1078 242 aperta
1103 184 1272 227 domus:

261 263 340 291 nec
363 249 521 291 lasciva
545 264 660 291 soror
685 249 846 291 dicatur
870 248 992 304 plura
1017 248 1172 290 bibisse

194 321 239 356 60
320 313 474 368 pocula
497 312 565 354 vel
588 313 729 368 plures
756 312 983 355 emeruisse
1008 312 1132 353 viros.

261 375 376 417 illam
402 391 528 431 saepe
553 376 694 417 ferunt
720 375 913 417 convivia
937 375 1091 417 ducere
1116 373 1302 425 Baccho,

319 440 422 480 dum
446 447 538 480 rota
562 438 755 480 Luciferi
780 445 980 494 provocet
1003 445 1094 479 orta
1119 438 1249 480 diem:

261 502 334 544 illa
357 502 473 543 nulla
498 510 626 556 queat
650 502 800 543 melius
827 516 1072 543 consumere
1096 508 1262 542 noctem

319 572 393 607 aut
417 580 592 621 operum
623 565 762 606 varias
788 564 1043 620 disposuisse
1069 564 1193 606 vices,

193 633 238 668 65
262 635 304 670 at
329 636 402 670 tua
426 628 667 684 perdidicit:
693 642 771 670 nec
796 635 856 677 tu,
882 626 1138 677 stultissime,
1165 627 1306 678 sentis,

319 707 415 733 cum
440 692 515 733 tibi
541 706 625 732 non
650 691 772 733 solita
797 705 949 746 corpus
974 690 1028 731 ab
1054 697 1143 732 arte
1168 698 1319 733 movet.

261 762 361 796 tune
386 762 509 810 putas
534 755 649 796 illam
674 769 749 810 pro
774 760 815 796 te
840 753 1062 809 disponere
1087 753 1221 794 crines

319 826 390 859 aut
415 826 561 860 tenues
588 817 717 859 denso
743 824 910 873 pectere
937 817 1061 858 dente
1086 817 1251 858 comas?

261 881 341 922 ista
365 880 494 936 (haec)
519 880 745 937 persuadet
769 880 912 930 facies,
939 893 1127 933 auroque
1151 879 1328 922 lacertos

194 949 239 984 ’ΖΟ
320 943 476 985 vinciat
503 952 543 985 et
567 943 698 999 Tyrio
723 943 898 998 prodeat
924 950 1022 997 apta
1047 941 1166 982 sinu?

261 1020 346 1047 non
370 1005 460 1055 tibi,
487 1006 561 1047 sed
585 1005 727 1047 iuveni
754 1005 920 1047 cuidam
946 1004 1035 1045 vult
1060 1003 1172 1045 bella
1195 1003 1341 1053 videri,

320 1070 527 1111 devoveat
551 1084 627 1125 pro
653 1084 736 1124 quo
762 1083 936 1122 remque
961 1068 1217 1122 domumque
1242 1075 1371 1110 tuam,

261 1147 339 1174 nec
363 1133 464 1174 facit
488 1132 568 1174 hoc
593 1132 707 1182 vitio,
735 1131 809 1173 sed
835 1145 1011 1186 corpora
1034 1130 1160 1172 foeda
1185 1130 1375 1186 podagra

319 1203 359 1238 et
383 1196 494 1238 senis
521 1196 740 1252 amplexus
767 1195 879 1237 culta
903 1194 1044 1250 puella
1069 1194 1190 1250 fugit.

193 1260 237 1296 75
261 1260 359 1302 huic
384 1268 525 1301 tamen
550 1259 747 1301 accubuit
771 1266 912 1300 noster
936 1272 1060 1313 puer:
1086 1257 1198 1298 hunc
1223 1272 1302 1312 ego
1328 1257 1496 1299 credam

319 1339 415 1365 cum
441 1323 628 1364 trucibus
654 1323 868 1365 Venerem
892 1321 1066 1375 iungere
1091 1335 1215 1376 posse
1239 1320 1350 1362 feris.

261 1387 541 1429 blanditiasne
566 1401 680 1428 meas
707 1386 798 1427 aliis
823 1393 869 1426 tu
895 1384 1075 1427 vendere
1101 1399 1146 1426 es
1171 1399 1318 1434 ausus,

318 1459 418 1492 tune
444 1450 534 1491 aliis
560 1450 732 1491 demens
757 1448 901 1490 oscula
925 1447 1034 1490 ferre
1059 1448 1178 1489 mea?

261 1522 350 1555 tum
376 1514 508 1563 flebis,
536 1528 632 1555 cum
658 1528 724 1555 me
750 1513 936 1554 vinctum
962 1526 1067 1566 puer
1091 1511 1195 1552 alter
1219 1510 1392 1553 habebit

192 1583 237 1618 80
321 1585 362 1619 et
386 1585 505 1633 geret
528 1577 571 1618 in
596 1591 726 1631 regno
751 1591 883 1631 regna
908 1574 1090 1629 superba
1114 1581 1199 1616 tuo.

261 1647 303 1682 at
328 1648 401 1681 tua
426 1647 516 1681 tum
540 1654 608 1681 me
633 1653 770 1694 poena
794 1639 921 1687 iuvet,
947 1637 1189 1691 Venerique
1217 1637 1392 1679 merenti

317 1704 402 1745 fixa
427 1711 540 1745 notet
567 1718 689 1745 casus
714 1717 841 1744 aurea
865 1702 1005 1757 palma
1030 1715 1164 1742 meos:

263 1767 391 1808 ‘hanc
417 1766 491 1807 tibi
517 1766 657 1807 fallaci
682 1764 890 1807 resolutus
916 1778 1056 1806 amore
1082 1763 1279 1805 Tibullus

319 1829 485 1872 dedicat
511 1837 551 1871 et
574 1836 696 1885 grata
722 1828 790 1877 sis,
817 1827 909 1877 dea,
934 1835 1074 1868 mente
1098 1826 1244 1882 rogat?

913 2062 973 2104 X.

263 2145 370 2198 Quis
395 2144 487 2195 fuit,
514 2144 744 2186 horrendos
769 2143 928 2200 primus
955 2143 1026 2197 qui
1051 2143 1223 2198 protulit
1247 2142 1391 2184 enses?

320 2224 447 2263 quam
474 2208 587 2250 ferus
614 2215 655 2249 et
680 2222 777 2249 vere
802 2207 961 2249 ferreus
986 2206 1056 2247 ille
1081 2205 1179 2247 fuit!

262 2280 351 2314 tum
378 2272 528 2313 caedes
554 2271 771 2312 hominum
796 2270 953 2325 generi,
979 2276 1068 2310 tum
1093 2268 1251 2324 proelia
1274 2275 1385 2319 nata,

320 2344 409 2377 tum
435 2335 602 2376 brevior
626 2334 741 2374 dirae
766 2333 911 2374 mortis
937 2340 1081 2388 aperta
1104 2332 1172 2373 via
1197 2339 1271 2373 est.

217 2405 239 2439 5
263 2415 317 2441 an
341 2398 443 2439 nihil
469 2398 538 2439 ille
564 2398 689 2438 miser
713 2396 877 2446 meruit,
903 2410 979 2437 nos
1003 2395 1057 2436 ad
1082 2395 1192 2436 mala
1215 2402 1358 2437 nostra

320 2461 534 2511 vertimus,
560 2460 603 2502 in
629 2475 775 2502 saevas
801 2459 914 2514 quod
940 2458 1053 2500 dedit
1077 2458 1145 2500 ille
1171 2458 1306 2500 feras?

262 2525 403 2567 divitis
429 2523 508 2566 hoc
534 2523 681 2564 vitium
708 2531 770 2564 est
795 2522 898 2572 auri,
924 2536 1001 2564 nec
1026 2521 1136 2563 bella
1160 2521 1344 2572 fuerunt,

318 2587 487 2644 faginus
514 2586 678 2628 astabat
704 2600 799 2627 cum
825 2584 1008 2640 scyphus
1035 2592 1131 2625 ante
1157 2583 1299 2639 dapes.

261 2667 346 2695 non
373 2666 502 2702 arces,
527 2664 611 2692 non
636 2649 771 2692 vallus
799 2656 900 2700 erat,
925 2662 1202 2703 somnumque
1226 2647 1397 2703 petebat
