1667 2909
735 151 798 186 19

147 247 273 288 saepe
297 234 432 276 solent
456 248 558 276 auro
582 234 714 275 multa
739 233 911 275 subesse
934 233 1058 274 mala.

90 295 245 337 divitiis
270 304 418 353 captus
443 297 477 339 si
501 297 594 351 quis
619 297 789 337 violavit
815 310 1013 344 amorem,

147 374 378 415 asperaque
403 367 465 402 est
488 360 548 401 illi
573 359 838 413 difficilisque
862 358 1022 401 Venus.

89 436 164 464 ure
188 437 329 464 meum
352 423 490 479 potius
516 423 685 464 flamma
709 430 835 477 caput
860 430 900 463 et
924 430 1019 477 pete
1044 420 1154 463 ferro

148 500 298 541 corpus
323 494 364 527 et
387 486 540 527 intorto
565 485 739 527 verbere
764 494 884 540 terga
908 499 1015 526 seca.

89 563 168 591 nec
190 549 266 590 tibi
291 549 453 591 celandi
478 564 572 604 spes
598 548 651 590 sit
675 563 850 604 peccare
875 548 1058 603 paranti:

147 620 209 653 est
233 612 350 661 deus,
376 612 561 654 occultos
587 612 660 666 qui
684 619 796 653 vetat
821 626 911 653 esse
938 611 1068 652 dolos.

89 673 179 730 ipse
204 674 307 716 deus
331 675 457 717 tacito
482 674 669 730 permisit
693 689 808 730 saepe
833 674 1021 715 ministro

147 737 288 780 ederet
312 745 358 779 ut
381 738 513 780 multo
538 738 671 779 libera
695 737 824 779 verba
848 752 982 779 mero:

89 800 180 856 ipse
206 801 310 842 deus
337 815 484 842 somno
510 801 687 843 domitos
715 801 903 843 emittere
929 815 1076 842 vocem

144 863 265 905 iussit
290 872 329 906 et
353 864 505 906 invitos
529 864 643 906 facta
667 864 851 920 tegenda
877 863 1017 917 loqui.'

88 924 191 967 haec
217 941 295 982 ego
321 926 532 969 dicebam:
559 941 671 968 nunc
695 941 762 968 me
787 927 955 968 flevisse
980 926 1234 980 loquentem,

143 1004 256 1030 nunc
280 989 411 1044 pudet
435 990 489 1031 ad
513 998 678 1032 teneros
703 989 977 1045 procubuisse
1003 989 1144 1045 pedes.

88 1059 188 1094 tunc
212 1052 315 1094 mihi
338 1052 507 1094 iurabas
532 1053 647 1095 nullo
675 1061 708 1094 te
734 1053 872 1094 divitis
899 1053 988 1094 auri

143 1116 342 1171 pondere,
368 1130 451 1158 non
478 1116 669 1172 gemmis,
695 1116 877 1158 vendere
904 1115 1011 1158 velle
1036 1115 1176 1164 fidem,

87 1192 171 1220 non
195 1179 271 1220 tibi
295 1179 329 1220 si
353 1179 533 1235 pretium
561 1178 796 1234 Campania
820 1188 931 1221 terra
956 1179 1138 1228 daretur,

144 1256 228 1283 non
252 1241 328 1283 tibi
354 1242 389 1283 si
412 1242 573 1284 Bacchi
598 1257 698 1284 cura
722 1242 927 1284 Falernus
954 1257 1066 1298 ager.

86 1304 166 1346 illis
191 1304 374 1363 eriperes
400 1305 539 1347 verbis
564 1305 667 1346 mihi
692 1305 829 1347 sidera
855 1305 959 1347 caeli

143 1368 283 1409 lucere
309 1377 350 1410 et
375 1383 500 1424 puras
525 1368 711 1410 fulminis
737 1383 828 1410 esse
853 1369 954 1410 vias.

87 1430 188 1485 quin
213 1431 338 1472 etiam
363 1431 512 1473 flebas:
539 1441 581 1473 at
604 1446 688 1473 non
714 1446 793 1488 ego
819 1431 962 1473 fallere
988 1431 1135 1473 doctus

142 1494 360 1550 tergebam
385 1503 576 1536 umentes
602 1494 796 1536 credulus
821 1509 955 1549 usque
979 1510 1122 1550 genas.

87 1556 189 1612 quid
212 1557 378 1607 faciam,
402 1557 484 1599 nisi
509 1565 549 1599 et
572 1558 661 1613 ipse
686 1557 798 1599 fores
823 1558 867 1599 in
892 1572 1032 1600 amore
1056 1558 1246 1614 puellae?

142 1620 194 1661 sit
217 1634 365 1675 precor
389 1621 582 1676 exemplo
607 1623 658 1662 sit
682 1621 785 1663 levis
811 1621 882 1662 illa
906 1629 990 1662 tuo.

86 1697 110 1724 ο
135 1683 340 1737 quotiens,
366 1683 505 1726 verbis
529 1699 583 1726 ne
609 1684 832 1739 quisquam
858 1684 1049 1726 conscius
1075 1692 1197 1733 esset,

141 1746 231 1801 ipse
258 1760 397 1788 comes
421 1747 554 1788 multa
578 1747 738 1789 lumina
761 1756 884 1790 nocte
909 1747 1004 1789 tuli!

86 1824 211 1865 saepe
234 1809 464 1865 insperanti
488 1810 602 1852 venit
626 1810 703 1851 tibi
727 1825 900 1852 munere
930 1819 1072 1851 nostro

142 1880 184 1915 et
206 1873 327 1914 latuit
352 1873 514 1914 clausas
538 1882 632 1929 post
657 1873 856 1929 adoperta
880 1873 1002 1916 fores.

85 1943 174 1978 tum
198 1936 324 1978 miser
346 1936 497 1986 interii,
522 1937 647 1978 stulte
673 1937 853 1978 confisus
880 1937 1029 1978 amari:

139 2014 238 2040 nam
263 2007 453 2055 poteram
476 1999 530 2041 ad
554 1999 726 2054 laqueos
753 2000 912 2042 cautior
937 2015 1028 2042 esse
1054 2008 1160 2042 tuos.

84 2062 187 2117 quin
211 2062 336 2104 etiam
362 2062 536 2104 attonita
559 2063 706 2105 laudes
731 2063 805 2105 tibi
830 2074 968 2106 mente
995 2065 1211 2115 canebam,

143 2132 183 2167 et
208 2140 274 2167 me
299 2140 411 2167 nunc
436 2126 566 2167 nostri
591 2125 892 2181 Pieridumque
917 2127 1060 2183 pudet.

84 2187 155 2229 illa
179 2187 304 2230 velim
328 2188 475 2244 rapida
499 2189 716 2231 Vulcanus
743 2190 926 2231 carmina
950 2191 1118 2232 flamma

141 2258 294 2292 torreat
319 2260 360 2293 et
383 2251 544 2306 liquida
568 2251 705 2294 deleat
730 2253 863 2294 amnis
889 2267 1010 2307 aqua.

84 2321 130 2354 tu
154 2313 300 2368 procul
325 2312 422 2355 hinc
448 2314 574 2364 absis,
601 2314 668 2356 cui
693 2314 872 2357 formam
897 2317 1077 2358 vendere
1103 2332 1202 2359 cura
1228 2329 1289 2359 est

142 2384 183 2418 et
206 2376 386 2431 pretium
410 2377 536 2432 plena
560 2378 720 2433 grande
746 2379 900 2421 referre
927 2395 1066 2421 manU.

85 2446 127 2480 at
151 2446 206 2487 te,
232 2439 304 2492 qui
328 2454 505 2494 puerum
531 2440 648 2482 donis
675 2456 941 2497 corrumpere
967 2457 1010 2484 es
1036 2458 1176 2493 ausus,

140 2500 273 2543 rideat
298 2502 483 2544 adsiduis
508 2518 616 2544 uxor
640 2504 773 2546 inulta
797 2504 915 2553 dolis,

85 2571 126 2606 et
150 2578 246 2605 cum
271 2563 426 2606 furtivo
450 2565 646 2608 iuvenem
669 2567 887 2609 lassaverit
912 2583 1004 2617 usu,

142 2635 279 2668 tecum
304 2627 545 2682 interposita
570 2629 770 2684 languida
794 2639 909 2671 veste
935 2630 1071 2672 cubet.

85 2704 249 2746 semper
274 2690 354 2731 sint
381 2699 551 2733 externa
576 2700 647 2734 tuo
673 2693 849 2749 vestigia
873 2693 993 2743 lecto,

1394 138 1446 180 21

1473 360 1519 394 20

1477 1308 1521 1343 35

1473 1628 1518 1662 40

1474 1941 1518 1974 45

1468 2574 1512 2609 55
