<?xml version="1.0" encoding="UTF-8"?>
<!DOCTYPE html PUBLIC "-//W3C//DTD XHTML 1.0 Transitional//EN"
    "http://www.w3.org/TR/xhtml1/DTD/xhtml1-transitional.dtd">
<html xmlns="http://www.w3.org/1999/xhtml" xml:lang="en" lang="en">
 <head>
  <title>
</title>
<meta http-equiv="Content-Type" content="text/html;charset=utf-8" />
  <meta name='ocr-system' content='tesseract 3.04.00' />
  <meta name='ocr-capabilities' content='ocr_page ocr_carea ocr_par ocr_line ocrx_word'/>
</head>
<body>
  <div class='ocr_page' id='page_1' title='image "./elegiaecumcarmin00tibuuoft_0073.png"; bbox 0 0 1667 2909; ppageno 0'>
   <div class='ocr_carea' id='block_1_1' title="bbox 641 147 802 185">
    <p class='ocr_par' dir='ltr' id='par_1_1' title="bbox 641 147 802 185">
     <span class='ocr_line' id='line_1_1' title="bbox 641 147 802 185; baseline 0 -1"><span class='ocrx_word' id='word_1_1' title='bbox 641 147 802 185; x_wconf 83' lang='lat'>1115.6</span> 
     </span>
    </p>
   </div>
   <div class='ocr_carea' id='block_1_2' title="bbox 44 227 1126 978">
    <p class='ocr_par' dir='ltr' id='par_1_2' title="bbox 44 227 1126 978">
     <span class='ocr_line' id='line_1_2' title="bbox 45 227 954 287; baseline 0.001 -17"><span class='ocrx_word' id='word_1_2' title='bbox 45 227 212 284; x_wconf 87' lang='lat' dir='ltr'>Elysios</span> <span class='ocrx_word' id='word_1_3' title='bbox 237 229 335 272; x_wconf 90' lang='lat' dir='ltr'>olim</span> <span class='ocrx_word' id='word_1_4' title='bbox 359 230 481 273; x_wconf 87' lang='lat' dir='ltr'>liceat</span> <span class='ocrx_word' id='word_1_5' title='bbox 506 245 759 287; x_wconf 84' lang='lat' dir='ltr'>cognoscere</span> <span class='ocrx_word' id='word_1_6' title='bbox 784 244 954 285; x_wconf 88' lang='lat' dir='ltr'>campos</span> 
     </span>
     <span class='ocr_line' id='line_1_3' title="bbox 102 291 1091 348; baseline -0.001 -15"><span class='ocrx_word' id='word_1_7' title='bbox 102 291 421 348; x_wconf 84' lang='lat' dir='ltr'>Lethaeamque</span> <span class='ocrx_word' id='word_1_8' title='bbox 446 302 578 335; x_wconf 88' lang='lat' dir='ltr'>ratem</span> <span class='ocrx_word' id='word_1_9' title='bbox 604 293 937 346; x_wconf 80' lang='lat' dir='ltr'>Cimmeriosque</span> <span class='ocrx_word' id='word_1_10' title='bbox 961 291 1091 340; x_wconf 85' lang='lat' dir='ltr'>lacus,</span> 
     </span>
     <span class='ocr_line' id='line_1_4' title="bbox 45 356 970 412; baseline 0.001 -17"><span class='ocrx_word' id='word_1_11' title='bbox 45 367 142 396; x_wconf 87' lang='lat' dir='ltr'>cum</span> <span class='ocrx_word' id='word_1_12' title='bbox 167 371 261 398; x_wconf 90' lang='lat' dir='ltr'>mea</span> <span class='ocrx_word' id='word_1_13' title='bbox 285 371 440 412; x_wconf 88' lang='lat' dir='ltr'>rugosa</span> <span class='ocrx_word' id='word_1_14' title='bbox 463 356 680 412; x_wconf 84' lang='lat' dir='ltr'>pallebunt</span> <span class='ocrx_word' id='word_1_15' title='bbox 705 370 777 397; x_wconf 89' lang='lat' dir='ltr'>ora</span> <span class='ocrx_word' id='word_1_16' title='bbox 802 362 970 397; x_wconf 81' lang='lat' dir='ltr'>senecta</span> 
     </span>
     <span class='ocr_line' id='line_1_5' title="bbox 102 418 1046 474; baseline -0.001 -16"><span class='ocrx_word' id='word_1_17' title='bbox 102 425 142 458; x_wconf 88' lang='lat' dir='ltr'>et</span> <span class='ocrx_word' id='word_1_18' title='bbox 165 418 345 460; x_wconf 87' lang='lat' dir='ltr'>referam</span> <span class='ocrx_word' id='word_1_19' title='bbox 368 418 508 474; x_wconf 89' lang='lat' dir='ltr'>pueris</span> <span class='ocrx_word' id='word_1_20' title='bbox 533 426 721 474; x_wconf 88' lang='lat' dir='ltr'>tempora</span> <span class='ocrx_word' id='word_1_21' title='bbox 744 418 882 473; x_wconf 87' lang='lat' dir='ltr'>prisca</span> <span class='ocrx_word' id='word_1_22' title='bbox 907 431 1046 458; x_wconf 84' lang='lat' dir='ltr'>senex.</span> 
     </span>
     <span class='ocr_line' id='line_1_6' title="bbox 45 478 1109 535; baseline -0.002 -14"><span class='ocrx_word' id='word_1_23' title='bbox 45 487 170 534; x_wconf 88' lang='lat' dir='ltr'>atque</span> <span class='ocrx_word' id='word_1_24' title='bbox 195 481 355 523; x_wconf 90' lang='lat' dir='ltr'>utinam</span> <span class='ocrx_word' id='word_1_25' title='bbox 379 496 488 523; x_wconf 88' lang='lat' dir='ltr'>vano</span> <span class='ocrx_word' id='word_1_26' title='bbox 511 481 768 535; x_wconf 86' lang='lat' dir='ltr'>nequiquam</span> <span class='ocrx_word' id='word_1_27' title='bbox 793 488 949 523; x_wconf 87' lang='lat' dir='ltr'>terrear</span> <span class='ocrx_word' id='word_1_28' title='bbox 974 478 1109 521; x_wconf 81' lang='lat' dir='ltr'>aestu!</span> 
     </span>
     <span class='ocr_line' id='line_1_7' title="bbox 101 543 1118 599; baseline -0.002 -15"><span class='ocrx_word' id='word_1_29' title='bbox 101 543 303 599; x_wconf 85' lang='lat' dir='ltr'>languent</span> <span class='ocrx_word' id='word_1_30' title='bbox 326 552 389 586; x_wconf 91' lang='lat' dir='ltr'>ter</span> <span class='ocrx_word' id='word_1_31' title='bbox 413 545 561 599; x_wconf 89' lang='lat' dir='ltr'>quinos</span> <span class='ocrx_word' id='word_1_32' title='bbox 587 545 661 586; x_wconf 90' lang='lat' dir='ltr'>sed</span> <span class='ocrx_word' id='word_1_33' title='bbox 685 559 780 586; x_wconf 88' lang='lat' dir='ltr'>mea</span> <span class='ocrx_word' id='word_1_34' title='bbox 803 544 992 586; x_wconf 87' lang='lat' dir='ltr'>membra</span> <span class='ocrx_word' id='word_1_35' title='bbox 1017 543 1118 583; x_wconf 89' lang='lat' dir='ltr'>dies.</span> 
     </span>
     <span class='ocr_line' id='line_1_8' title="bbox 46 605 1126 661; baseline -0.001 -14"><span class='ocrx_word' id='word_1_36' title='bbox 46 612 88 647; x_wconf 86' lang='lat' dir='ltr'>at</span> <span class='ocrx_word' id='word_1_37' title='bbox 112 607 239 650; x_wconf 55' lang='lat' dir='ltr'>vobis⁴</span> <span class='ocrx_word' id='word_1_38' title='bbox 255 607 419 649; x_wconf 83' lang='lat' dir='ltr'>Tuscae</span> <span class='ocrx_word' id='word_1_39' title='bbox 444 607 708 649; x_wconf 82' lang='lat' dir='ltr'>celebrantur</span> <span class='ocrx_word' id='word_1_40' title='bbox 732 607 906 648; x_wconf 88' lang='lat' dir='ltr'>numina</span> <span class='ocrx_word' id='word_1_41' title='bbox 929 605 1126 661; x_wconf 87' lang='lat' dir='ltr'>lymphae</span> 
     </span>
     <span class='ocr_line' id='line_1_9' title="bbox 103 669 933 725; baseline 0 -15"><span class='ocrx_word' id='word_1_42' title='bbox 103 676 143 710; x_wconf 88' lang='lat' dir='ltr'>et</span> <span class='ocrx_word' id='word_1_43' title='bbox 167 669 300 711; x_wconf 86' lang='lat' dir='ltr'>facilis</span> <span class='ocrx_word' id='word_1_44' title='bbox 324 670 437 712; x_wconf 88' lang='lat' dir='ltr'>lenta</span> <span class='ocrx_word' id='word_1_45' title='bbox 461 670 630 725; x_wconf 84' lang='lat' dir='ltr'>pellitur</span> <span class='ocrx_word' id='word_1_46' title='bbox 654 670 767 711; x_wconf 91' lang='lat' dir='ltr'>unda</span> <span class='ocrx_word' id='word_1_47' title='bbox 792 685 933 711; x_wconf 88' lang='lat' dir='ltr'>manu.</span> 
     </span>
     <span class='ocr_line' id='line_1_10' title="bbox 45 730 973 782; baseline 0.001 -10"><span class='ocrx_word' id='word_1_48' title='bbox 45 730 172 773; x_wconf 86' lang='lat' dir='ltr'>vivite</span> <span class='ocrx_word' id='word_1_49' title='bbox 196 731 353 782; x_wconf 88' lang='lat' dir='ltr'>felices,</span> <span class='ocrx_word' id='word_1_50' title='bbox 379 747 586 775; x_wconf 88' lang='lat' dir='ltr'>memores</span> <span class='ocrx_word' id='word_1_51' title='bbox 612 742 652 774; x_wconf 91' lang='lat' dir='ltr'>et</span> <span class='ocrx_word' id='word_1_52' title='bbox 677 732 804 774; x_wconf 79' lang='lat' dir='ltr'>vivite</span> <span class='ocrx_word' id='word_1_53' title='bbox 828 732 973 781; x_wconf 84' lang='lat' dir='ltr'>nostri,</span> 
     </span>
     <span class='ocr_line' id='line_1_11' title="bbox 102 794 1000 837; baseline 0 -2"><span class='ocrx_word' id='word_1_54' title='bbox 102 794 189 836; x_wconf 89' lang='lat' dir='ltr'>sive</span> <span class='ocrx_word' id='word_1_55' title='bbox 214 795 367 836; x_wconf 89' lang='lat' dir='ltr'>erimus</span> <span class='ocrx_word' id='word_1_56' title='bbox 392 810 467 837; x_wconf 89' lang='lat' dir='ltr'>seu</span> <span class='ocrx_word' id='word_1_57' title='bbox 491 809 567 836; x_wconf 92' lang='lat' dir='ltr'>nos</span> <span class='ocrx_word' id='word_1_58' title='bbox 592 795 679 836; x_wconf 84' lang='lat' dir='ltr'>fata</span> <span class='ocrx_word' id='word_1_59' title='bbox 702 795 833 836; x_wconf 90' lang='lat' dir='ltr'>fuisse</span> <span class='ocrx_word' id='word_1_60' title='bbox 860 794 1000 835; x_wconf 87' lang='lat' dir='ltr'>velint.</span> 
     </span>
     <span class='ocr_line' id='line_1_12' title="bbox 44 855 945 914; baseline 0 -16"><span class='ocrx_word' id='word_1_61' title='bbox 44 855 203 898; x_wconf 87' lang='lat' dir='ltr'>interea</span> <span class='ocrx_word' id='word_1_62' title='bbox 226 857 366 913; x_wconf 86' lang='lat' dir='ltr'>nigras</span> <span class='ocrx_word' id='word_1_63' title='bbox 391 858 575 914; x_wconf 88' lang='lat' dir='ltr'>pecudes</span> <span class='ocrx_word' id='word_1_64' title='bbox 599 857 828 914; x_wconf 87' lang='lat' dir='ltr'>promittite</span> <span class='ocrx_word' id='word_1_65' title='bbox 852 856 945 898; x_wconf 86' lang='lat' dir='ltr'>Diti</span> 
     </span>
     <span class='ocr_line' id='line_1_13' title="bbox 101 920 907 978; baseline -0.001 -16"><span class='ocrx_word' id='word_1_66' title='bbox 101 927 144 962; x_wconf 87' lang='lat' dir='ltr'>et</span> <span class='ocrx_word' id='word_1_67' title='bbox 166 920 277 962; x_wconf 87' lang='lat' dir='ltr'>nivei</span> <span class='ocrx_word' id='word_1_68' title='bbox 301 920 420 963; x_wconf 87' lang='lat' dir='ltr'>lactis</span> <span class='ocrx_word' id='word_1_69' title='bbox 444 921 598 978; x_wconf 90' lang='lat' dir='ltr'>pocula</span> <span class='ocrx_word' id='word_1_70' title='bbox 622 921 753 962; x_wconf 78' lang='lat' dir='ltr'>mixta</span> <span class='ocrx_word' id='word_1_71' title='bbox 778 934 907 962; x_wconf 91' lang='lat' dir='ltr'>mero.</span> 
     </span>
    </p>
   </div>
   <div class='ocr_carea' id='block_1_3' title="bbox 616 1047 838 1055">
    <p class='ocr_par' dir='ltr' id='par_1_3' title="bbox 616 1047 838 1055">
     <span class='ocr_line' id='line_1_14' title="bbox 616 1047 838 1055; baseline 0 1854"><span class='ocrx_word' id='word_1_72' title='bbox 616 1047 838 1055; x_wconf 95' lang='lat' dir='ltr'> </span> 
     </span>
    </p>
   </div>
   <div class='ocr_carea' id='block_1_4' title="bbox 685 1155 764 1197">
    <p class='ocr_par' dir='ltr' id='par_1_4' title="bbox 685 1155 764 1197">
     <span class='ocr_line' id='line_1_15' title="bbox 685 1155 764 1197; baseline -0.013 0"><span class='ocrx_word' id='word_1_73' title='bbox 685 1155 764 1197; x_wconf 90' lang='lat' dir='ltr'>VI.</span> 
     </span>
    </p>
   </div>
   <div class='ocr_carea' id='block_1_5' title="bbox 44 1232 1188 2737">
    <p class='ocr_par' dir='ltr' id='par_1_5' title="bbox 45 1232 1155 1416">
     <span class='ocr_line' id='line_1_16' title="bbox 47 1232 1142 1289; baseline -0.001 -13"><span class='ocrx_word' id='word_1_74' title='bbox 47 1232 239 1276; x_wconf 86' lang='lat' dir='ltr'>Candide</span> <span class='ocrx_word' id='word_1_75' title='bbox 263 1233 409 1283; x_wconf 91' lang='lat' dir='ltr'>Liber,</span> <span class='ocrx_word' id='word_1_76' title='bbox 435 1234 553 1276; x_wconf 84' lang='lat' dir='ltr'>ades:</span> <span class='ocrx_word' id='word_1_77' title='bbox 580 1234 640 1276; x_wconf 88' lang='lat' dir='ltr'>sic</span> <span class='ocrx_word' id='word_1_78' title='bbox 666 1234 718 1276; x_wconf 90' lang='lat' dir='ltr'>sit</span> <span class='ocrx_word' id='word_1_79' title='bbox 743 1233 820 1275; x_wconf 88' lang='lat' dir='ltr'>tibi</span> <span class='ocrx_word' id='word_1_80' title='bbox 845 1232 1023 1289; x_wconf 85' lang='lat' dir='ltr'>mystica</span> <span class='ocrx_word' id='word_1_81' title='bbox 1047 1232 1142 1275; x_wconf 83' lang='lat' dir='ltr'>vitis</span> 
     </span>
     <span class='ocr_line' id='line_1_17' title="bbox 101 1296 1076 1353; baseline -0.002 -14"><span class='ocrx_word' id='word_1_82' title='bbox 101 1312 278 1353; x_wconf 85' lang='lat' dir='ltr'>semper,</span> <span class='ocrx_word' id='word_1_83' title='bbox 305 1298 364 1339; x_wconf 89' lang='lat' dir='ltr'>sic</span> <span class='ocrx_word' id='word_1_84' title='bbox 388 1297 543 1339; x_wconf 87' lang='lat' dir='ltr'>hedera</span> <span class='ocrx_word' id='word_1_85' title='bbox 567 1305 757 1353; x_wconf 88' lang='lat' dir='ltr'>tempora</span> <span class='ocrx_word' id='word_1_86' title='bbox 781 1296 923 1338; x_wconf 85' lang='lat' dir='ltr'>vincta</span> <span class='ocrx_word' id='word_1_87' title='bbox 946 1296 1076 1337; x_wconf 86' lang='lat' dir='ltr'>feras:</span> 
     </span>
     <span class='ocr_line' id='line_1_18' title="bbox 45 1360 1155 1416; baseline -0.002 -14"><span class='ocrx_word' id='word_1_88' title='bbox 45 1360 164 1402; x_wconf 84' lang='lat' dir='ltr'>aufer</span> <span class='ocrx_word' id='word_1_89' title='bbox 189 1368 228 1402; x_wconf 89' lang='lat' dir='ltr'>et</span> <span class='ocrx_word' id='word_1_90' title='bbox 253 1361 342 1416; x_wconf 89' lang='lat' dir='ltr'>ipse</span> <span class='ocrx_word' id='word_1_91' title='bbox 366 1376 507 1402; x_wconf 89' lang='lat' dir='ltr'>meum</span> <span class='ocrx_word' id='word_1_92' title='bbox 525 1369 672 1416; x_wconf 80' lang='lat' dir='ltr'>patera</span> <span class='ocrx_word' id='word_1_93' title='bbox 696 1360 926 1402; x_wconf 79' lang='lat' dir='ltr'>medicante</span> <span class='ocrx_word' id='word_1_94' title='bbox 951 1360 1155 1401; x_wconf 87' lang='lat' dir='ltr'>dolorem:</span> 
     </span>
    </p>

    <p class='ocr_par' dir='ltr' id='par_1_6' title="bbox 44 1423 1188 2737">
     <span class='ocr_line' id='line_1_19' title="bbox 101 1423 1011 1479; baseline -0.002 -14"><span class='ocrx_word' id='word_1_95' title='bbox 101 1438 226 1479; x_wconf 88' lang='lat' dir='ltr'>saepe</span> <span class='ocrx_word' id='word_1_96' title='bbox 251 1432 322 1465; x_wconf 87' lang='lat' dir='ltr'>tuo</span> <span class='ocrx_word' id='word_1_97' title='bbox 348 1423 499 1465; x_wconf 86' lang='lat' dir='ltr'>cecidit</span> <span class='ocrx_word' id='word_1_98' title='bbox 522 1439 696 1465; x_wconf 89' lang='lat' dir='ltr'>munere</span> <span class='ocrx_word' id='word_1_99' title='bbox 721 1423 856 1464; x_wconf 87' lang='lat' dir='ltr'>victus</span> <span class='ocrx_word' id='word_1_100' title='bbox 883 1437 1011 1464; x_wconf 86' lang='lat' dir='ltr'>amor.</span> 
     </span>
     <span class='ocr_line' id='line_1_20' title="bbox 45 1485 1116 1542; baseline -0.002 -14"><span class='ocrx_word' id='word_1_101' title='bbox 45 1500 139 1528; x_wconf 84' lang='lat' dir='ltr'>care</span> <span class='ocrx_word' id='word_1_102' title='bbox 163 1501 281 1542; x_wconf 87' lang='lat' dir='ltr'>puer,</span> <span class='ocrx_word' id='word_1_103' title='bbox 306 1487 503 1528; x_wconf 87' lang='lat' dir='ltr'>madeant</span> <span class='ocrx_word' id='word_1_104' title='bbox 526 1501 731 1542; x_wconf 86' lang='lat' dir='ltr'>generoso</span> <span class='ocrx_word' id='word_1_105' title='bbox 756 1486 908 1541; x_wconf 88' lang='lat' dir='ltr'>pocula</span> <span class='ocrx_word' id='word_1_106' title='bbox 932 1485 1116 1535; x_wconf 88' lang='lat' dir='ltr'>Baccho,</span> 
     </span>
     <span class='ocr_line' id='line_1_21' title="bbox 101 1549 967 1605; baseline -0.001 -14"><span class='ocrx_word' id='word_1_107' title='bbox 101 1557 142 1591; x_wconf 88' lang='lat' dir='ltr'>et</span> <span class='ocrx_word' id='word_1_108' title='bbox 164 1549 285 1591; x_wconf 90' lang='lat' dir='ltr'>nobis</span> <span class='ocrx_word' id='word_1_109' title='bbox 310 1564 442 1605; x_wconf 89' lang='lat' dir='ltr'>prona</span> <span class='ocrx_word' id='word_1_110' title='bbox 466 1550 595 1592; x_wconf 89' lang='lat' dir='ltr'>funde</span> <span class='ocrx_word' id='word_1_111' title='bbox 620 1550 802 1591; x_wconf 87' lang='lat' dir='ltr'>Falerna</span> <span class='ocrx_word' id='word_1_112' title='bbox 827 1564 967 1590; x_wconf 90' lang='lat' dir='ltr'>manu.</span> 
     </span>
     <span class='ocr_line' id='line_1_22' title="bbox 44 1612 1057 1668; baseline 0.001 -15"><span class='ocrx_word' id='word_1_113' title='bbox 44 1613 100 1655; x_wconf 83' lang='lat' dir='ltr'>ite</span> <span class='ocrx_word' id='word_1_114' title='bbox 123 1613 270 1668; x_wconf 89' lang='lat' dir='ltr'>procul</span> <span class='ocrx_word' id='word_1_115' title='bbox 294 1613 446 1654; x_wconf 91' lang='lat' dir='ltr'>durum</span> <span class='ocrx_word' id='word_1_116' title='bbox 471 1627 594 1655; x_wconf 89' lang='lat' dir='ltr'>curae</span> <span class='ocrx_word' id='word_1_117' title='bbox 620 1628 768 1668; x_wconf 84' lang='lat' dir='ltr'>genus,</span> <span class='ocrx_word' id='word_1_118' title='bbox 793 1612 850 1654; x_wconf 87' lang='lat' dir='ltr'>ite</span> <span class='ocrx_word' id='word_1_119' title='bbox 875 1612 1057 1655; x_wconf 87' lang='lat' dir='ltr'>labores:</span> 
     </span>
     <span class='ocr_line' id='line_1_23' title="bbox 100 1674 892 1718; baseline 0 -2"><span class='ocrx_word' id='word_1_120' title='bbox 100 1674 262 1718; x_wconf 86' lang='lat' dir='ltr'>fulserit</span> <span class='ocrx_word' id='word_1_121' title='bbox 285 1675 354 1717; x_wconf 93' lang='lat' dir='ltr'>hic</span> <span class='ocrx_word' id='word_1_122' title='bbox 377 1676 509 1718; x_wconf 88' lang='lat' dir='ltr'>niveis</span> <span class='ocrx_word' id='word_1_123' title='bbox 533 1675 686 1717; x_wconf 88' lang='lat' dir='ltr'>Delius</span> <span class='ocrx_word' id='word_1_124' title='bbox 712 1675 892 1717; x_wconf 86' lang='lat' dir='ltr'>alitibus.</span> 
     </span>
     <span class='ocr_line' id='line_1_24' title="bbox 44 1737 1035 1794; baseline -0.001 -15"><span class='ocrx_word' id='word_1_125' title='bbox 44 1753 118 1780; x_wconf 88' lang='lat' dir='ltr'>vos</span> <span class='ocrx_word' id='word_1_126' title='bbox 141 1737 266 1780; x_wconf 91' lang='lat' dir='ltr'>modo</span> <span class='ocrx_word' id='word_1_127' title='bbox 290 1739 503 1794; x_wconf 87' lang='lat' dir='ltr'>proposito</span> <span class='ocrx_word' id='word_1_128' title='bbox 527 1739 670 1781; x_wconf 85' lang='lat' dir='ltr'>dulces</span> <span class='ocrx_word' id='word_1_129' title='bbox 695 1738 873 1780; x_wconf 86' lang='lat' dir='ltr'>faveatis</span> <span class='ocrx_word' id='word_1_130' title='bbox 898 1737 1035 1786; x_wconf 84' lang='lat' dir='ltr'>amici,</span> 
     </span>
     <span class='ocr_line' id='line_1_25' title="bbox 99 1800 1136 1857; baseline -0.001 -14"><span class='ocrx_word' id='word_1_131' title='bbox 99 1815 206 1843; x_wconf 87' lang='lat' dir='ltr'>neve</span> <span class='ocrx_word' id='word_1_132' title='bbox 230 1808 355 1857; x_wconf 84' lang='lat' dir='ltr'>neget</span> <span class='ocrx_word' id='word_1_133' title='bbox 379 1801 603 1856; x_wconf 86' lang='lat' dir='ltr'>quisquam</span> <span class='ocrx_word' id='word_1_134' title='bbox 628 1817 695 1843; x_wconf 92' lang='lat' dir='ltr'>me</span> <span class='ocrx_word' id='word_1_135' title='bbox 720 1801 828 1843; x_wconf 91' lang='lat' dir='ltr'>duce</span> <span class='ocrx_word' id='word_1_136' title='bbox 853 1816 897 1843; x_wconf 91' lang='lat' dir='ltr'>se</span> <span class='ocrx_word' id='word_1_137' title='bbox 922 1800 1136 1843; x_wconf 85' lang='lat' dir='ltr'>comitem:</span> 
     </span>
     <span class='ocr_line' id='line_1_26' title="bbox 44 1864 966 1918; baseline -0.001 -12"><span class='ocrx_word' id='word_1_138' title='bbox 44 1871 114 1906; x_wconf 85' lang='lat' dir='ltr'>aut</span> <span class='ocrx_word' id='word_1_139' title='bbox 141 1864 175 1906; x_wconf 89' lang='lat' dir='ltr'>si</span> <span class='ocrx_word' id='word_1_140' title='bbox 199 1864 292 1918; x_wconf 86' lang='lat' dir='ltr'>quis</span> <span class='ocrx_word' id='word_1_141' title='bbox 317 1864 403 1905; x_wconf 90' lang='lat' dir='ltr'>vini</span> <span class='ocrx_word' id='word_1_142' title='bbox 428 1872 639 1906; x_wconf 89' lang='lat' dir='ltr'>certamen</span> <span class='ocrx_word' id='word_1_143' title='bbox 663 1864 762 1906; x_wconf 84' lang='lat' dir='ltr'>mite</span> <span class='ocrx_word' id='word_1_144' title='bbox 788 1872 966 1913; x_wconf 88' lang='lat' dir='ltr'>recusat,</span> 
     </span>
     <span class='ocr_line' id='line_1_27' title="bbox 99 1926 891 1982; baseline 0 -14"><span class='ocrx_word' id='word_1_145' title='bbox 99 1926 216 1968; x_wconf 85' lang='lat' dir='ltr'>fallat</span> <span class='ocrx_word' id='word_1_146' title='bbox 241 1942 337 1969; x_wconf 90' lang='lat' dir='ltr'>eum</span> <span class='ocrx_word' id='word_1_147' title='bbox 361 1935 472 1969; x_wconf 88' lang='lat' dir='ltr'>tecto</span> <span class='ocrx_word' id='word_1_148' title='bbox 497 1942 593 1970; x_wconf 88' lang='lat' dir='ltr'>cara</span> <span class='ocrx_word' id='word_1_149' title='bbox 616 1927 758 1982; x_wconf 89' lang='lat' dir='ltr'>puella</span> <span class='ocrx_word' id='word_1_150' title='bbox 783 1927 891 1968; x_wconf 86' lang='lat' dir='ltr'>dolo.</span> 
     </span>
     <span class='ocr_line' id='line_1_28' title="bbox 44 1989 996 2039; baseline -0.001 -8"><span class='ocrx_word' id='word_1_151' title='bbox 44 1989 113 2032; x_wconf 89' lang='lat' dir='ltr'>ille</span> <span class='ocrx_word' id='word_1_152' title='bbox 136 1989 236 2031; x_wconf 87' lang='lat' dir='ltr'>facit</span> <span class='ocrx_word' id='word_1_153' title='bbox 261 1989 366 2032; x_wconf 88' lang='lat' dir='ltr'>dites</span> <span class='ocrx_word' id='word_1_154' title='bbox 392 1990 552 2032; x_wconf 88' lang='lat' dir='ltr'>animos</span> <span class='ocrx_word' id='word_1_155' title='bbox 578 1990 694 2039; x_wconf 90' lang='lat' dir='ltr'>deus,</span> <span class='ocrx_word' id='word_1_156' title='bbox 719 1990 788 2032; x_wconf 89' lang='lat' dir='ltr'>ille</span> <span class='ocrx_word' id='word_1_157' title='bbox 813 1990 996 2031; x_wconf 87' lang='lat' dir='ltr'>ferocem</span> 
     </span>
     <span class='ocr_line' id='line_1_29' title="bbox 101 2052 1034 2102; baseline -0.001 -8"><span class='ocrx_word' id='word_1_158' title='bbox 101 2052 288 2094; x_wconf 84' lang='lat' dir='ltr'>contudit</span> <span class='ocrx_word' id='word_1_159' title='bbox 314 2059 355 2094; x_wconf 86' lang='lat' dir='ltr'>et</span> <span class='ocrx_word' id='word_1_160' title='bbox 379 2053 573 2095; x_wconf 87' lang='lat' dir='ltr'>dominae</span> <span class='ocrx_word' id='word_1_161' title='bbox 596 2053 709 2094; x_wconf 88' lang='lat' dir='ltr'>misit</span> <span class='ocrx_word' id='word_1_162' title='bbox 734 2053 777 2094; x_wconf 92' lang='lat' dir='ltr'>in</span> <span class='ocrx_word' id='word_1_163' title='bbox 802 2053 1034 2102; x_wconf 88' lang='lat' dir='ltr'>arbitrium,</span> 
     </span>
     <span class='ocr_line' id='line_1_30' title="bbox 44 2115 934 2171; baseline 0 -15"><span class='ocrx_word' id='word_1_164' title='bbox 44 2115 268 2157; x_wconf 84' lang='lat' dir='ltr'>Armenias</span> <span class='ocrx_word' id='word_1_165' title='bbox 294 2115 421 2171; x_wconf 84' lang='lat' dir='ltr'>tigres</span> <span class='ocrx_word' id='word_1_166' title='bbox 447 2124 488 2158; x_wconf 88' lang='lat' dir='ltr'>et</span> <span class='ocrx_word' id='word_1_167' title='bbox 511 2116 648 2157; x_wconf 87' lang='lat' dir='ltr'>fulvas</span> <span class='ocrx_word' id='word_1_168' title='bbox 673 2116 741 2157; x_wconf 85' lang='lat' dir='ltr'>ille</span> <span class='ocrx_word' id='word_1_169' title='bbox 766 2116 934 2157; x_wconf 86' lang='lat' dir='ltr'>leaenas</span> 
     </span>
     <span class='ocr_line' id='line_1_31' title="bbox 100 2178 968 2221; baseline 0 -2"><span class='ocrx_word' id='word_1_170' title='bbox 100 2178 199 2220; x_wconf 88' lang='lat' dir='ltr'>vicit</span> <span class='ocrx_word' id='word_1_171' title='bbox 223 2186 264 2220; x_wconf 89' lang='lat' dir='ltr'>et</span> <span class='ocrx_word' id='word_1_172' title='bbox 287 2178 500 2221; x_wconf 85' lang='lat' dir='ltr'>indomitis</span> <span class='ocrx_word' id='word_1_173' title='bbox 525 2179 667 2220; x_wconf 89' lang='lat' dir='ltr'>mollia</span> <span class='ocrx_word' id='word_1_174' title='bbox 692 2179 816 2221; x_wconf 89' lang='lat' dir='ltr'>corda</span> <span class='ocrx_word' id='word_1_175' title='bbox 842 2179 968 2220; x_wconf 87' lang='lat' dir='ltr'>dedit.</span> 
     </span>
     <span class='ocr_line' id='line_1_32' title="bbox 45 2240 1188 2297; baseline 0 -15"><span class='ocrx_word' id='word_1_176' title='bbox 45 2240 148 2283; x_wconf 88' lang='lat' dir='ltr'>haec</span> <span class='ocrx_word' id='word_1_177' title='bbox 171 2241 307 2283; x_wconf 88' lang='lat' dir='ltr'>Amor</span> <span class='ocrx_word' id='word_1_178' title='bbox 331 2249 370 2284; x_wconf 88' lang='lat' dir='ltr'>ct</span> <span class='ocrx_word' id='word_1_179' title='bbox 395 2243 554 2284; x_wconf 87' lang='lat' dir='ltr'>maiora</span> <span class='ocrx_word' id='word_1_180' title='bbox 577 2243 698 2284; x_wconf 85' lang='lat' dir='ltr'>valet.</span> <span class='ocrx_word' id='word_1_181' title='bbox 749 2242 823 2283; x_wconf 88' lang='lat' dir='ltr'>sed</span> <span class='ocrx_word' id='word_1_182' title='bbox 848 2241 1006 2297; x_wconf 86' lang='lat' dir='ltr'>poscite</span> <span class='ocrx_word' id='word_1_183' title='bbox 1031 2242 1188 2283; x_wconf 82' lang='lat' dir='ltr'>Bacchi</span> 
     </span>
     <span class='ocr_line' id='line_1_33' title="bbox 100 2304 1155 2360; baseline 0.001 -16"><span class='ocrx_word' id='word_1_184' title='bbox 100 2319 291 2345; x_wconf 89' lang='lat' dir='ltr'>munera:</span> <span class='ocrx_word' id='word_1_185' title='bbox 317 2318 443 2359; x_wconf 92' lang='lat' dir='ltr'>quem</span> <span class='ocrx_word' id='word_1_186' title='bbox 467 2313 652 2347; x_wconf 89' lang='lat' dir='ltr'>vestrum</span> <span class='ocrx_word' id='word_1_187' title='bbox 676 2305 827 2360; x_wconf 90' lang='lat' dir='ltr'>pocula</span> <span class='ocrx_word' id='word_1_188' title='bbox 852 2304 962 2346; x_wconf 81' lang='lat' dir='ltr'>sicca</span> <span class='ocrx_word' id='word_1_189' title='bbox 986 2305 1155 2346; x_wconf 81' lang='lat' dir='ltr'>iuvant?</span> 
     </span>
     <span class='ocr_line' id='line_1_34' title="bbox 46 2366 1090 2422; baseline 0.002 -15"><span class='ocrx_word' id='word_1_190' title='bbox 46 2366 240 2408; x_wconf 83' lang='lat' dir='ltr'>convenit</span> <span class='ocrx_word' id='word_1_191' title='bbox 264 2381 315 2408; x_wconf 86' lang='lat' dir='ltr'>ex</span> <span class='ocrx_word' id='word_1_192' title='bbox 341 2382 475 2422; x_wconf 91' lang='lat' dir='ltr'>aequo</span> <span class='ocrx_word' id='word_1_193' title='bbox 499 2383 578 2410; x_wconf 90' lang='lat' dir='ltr'>nec</span> <span class='ocrx_word' id='word_1_194' title='bbox 603 2375 747 2409; x_wconf 87' lang='lat' dir='ltr'>torvus</span> <span class='ocrx_word' id='word_1_195' title='bbox 773 2367 905 2408; x_wconf 87' lang='lat' dir='ltr'>Liber</span> <span class='ocrx_word' id='word_1_196' title='bbox 930 2368 972 2408; x_wconf 92' lang='lat' dir='ltr'>in</span> <span class='ocrx_word' id='word_1_197' title='bbox 998 2368 1090 2417; x_wconf 87' lang='lat' dir='ltr'>illis,</span> 
     </span>
     <span class='ocr_line' id='line_1_35' title="bbox 102 2428 1005 2484; baseline 0 -14"><span class='ocrx_word' id='word_1_198' title='bbox 102 2428 174 2482; x_wconf 85' lang='lat' dir='ltr'>qui</span> <span class='ocrx_word' id='word_1_199' title='bbox 199 2443 242 2470; x_wconf 87' lang='lat' dir='ltr'>se</span> <span class='ocrx_word' id='word_1_200' title='bbox 268 2430 422 2484; x_wconf 90' lang='lat' dir='ltr'>quique</span> <span class='ocrx_word' id='word_1_201' title='bbox 447 2447 532 2472; x_wconf 86' lang='lat' dir='ltr'>una</span> <span class='ocrx_word' id='word_1_202' title='bbox 556 2431 655 2472; x_wconf 89' lang='lat' dir='ltr'>vina</span> <span class='ocrx_word' id='word_1_203' title='bbox 679 2431 820 2472; x_wconf 85' lang='lat' dir='ltr'>iocosa</span> <span class='ocrx_word' id='word_1_204' title='bbox 845 2430 1005 2472; x_wconf 87' lang='lat' dir='ltr'>colunt:</span> 
     </span>
     <span class='ocr_line' id='line_1_36' title="bbox 47 2491 1086 2547; baseline 0.002 -15"><span class='ocrx_word' id='word_1_205' title='bbox 47 2491 240 2533; x_wconf 87' lang='lat' dir='ltr'>convenit</span> <span class='ocrx_word' id='word_1_206' title='bbox 263 2491 392 2534; x_wconf 87' lang='lat' dir='ltr'>iratus</span> <span class='ocrx_word' id='word_1_207' title='bbox 417 2494 591 2535; x_wconf 88' lang='lat' dir='ltr'>nimium</span> <span class='ocrx_word' id='word_1_208' title='bbox 614 2493 876 2547; x_wconf 86' lang='lat' dir='ltr'>nimiumque</span> <span class='ocrx_word' id='word_1_209' title='bbox 902 2507 1086 2534; x_wconf 85' lang='lat' dir='ltr'>severos:</span> 
     </span>
     <span class='ocr_line' id='line_1_37' title="bbox 102 2553 975 2611; baseline 0.003 -18"><span class='ocrx_word' id='word_1_210' title='bbox 102 2553 174 2607; x_wconf 92' lang='lat' dir='ltr'>qui</span> <span class='ocrx_word' id='word_1_211' title='bbox 198 2553 314 2595; x_wconf 87' lang='lat' dir='ltr'>timet</span> <span class='ocrx_word' id='word_1_212' title='bbox 338 2555 431 2597; x_wconf 85' lang='lat' dir='ltr'>irati</span> <span class='ocrx_word' id='word_1_213' title='bbox 454 2557 628 2597; x_wconf 89' lang='lat' dir='ltr'>numina</span> <span class='ocrx_word' id='word_1_214' title='bbox 651 2571 819 2611; x_wconf 83' lang='lat' dir='ltr'>magna,</span> <span class='ocrx_word' id='word_1_215' title='bbox 846 2555 975 2596; x_wconf 90' lang='lat' dir='ltr'>bibat.</span> 
     </span>
     <span class='ocr_line' id='line_1_38' title="bbox 47 2615 1130 2672; baseline 0.003 -15"><span class='ocrx_word' id='word_1_216' title='bbox 47 2615 192 2670; x_wconf 88' lang='lat' dir='ltr'>quales</span> <span class='ocrx_word' id='word_1_217' title='bbox 217 2615 281 2656; x_wconf 85' lang='lat' dir='ltr'>his</span> <span class='ocrx_word' id='word_1_218' title='bbox 306 2631 462 2672; x_wconf 87' lang='lat' dir='ltr'>poenas</span> <span class='ocrx_word' id='word_1_219' title='bbox 487 2619 621 2672; x_wconf 88' lang='lat' dir='ltr'>qualis</span> <span class='ocrx_word' id='word_1_220' title='bbox 645 2627 910 2672; x_wconf 87' lang='lat' dir='ltr'>quantusque</span> <span class='ocrx_word' id='word_1_221' title='bbox 937 2618 1130 2668; x_wconf 88' lang='lat' dir='ltr'>minetur,</span> 
     </span>
     <span class='ocr_line' id='line_1_39' title="bbox 106 2675 1022 2737; baseline 0.002 -17"><span class='ocrx_word' id='word_1_222' title='bbox 106 2675 318 2722; x_wconf 86' lang='lat' dir='ltr'>Cadmeae</span> <span class='ocrx_word' id='word_1_223' title='bbox 344 2681 487 2722; x_wconf 88' lang='lat' dir='ltr'>matris</span> <span class='ocrx_word' id='word_1_224' title='bbox 512 2680 668 2737; x_wconf 86' lang='lat' dir='ltr'>praeda</span> <span class='ocrx_word' id='word_1_225' title='bbox 693 2689 866 2723; x_wconf 88' lang='lat' dir='ltr'>cruenta</span> <span class='ocrx_word' id='word_1_226' title='bbox 891 2681 1022 2723; x_wconf 84' lang='lat' dir='ltr'>docet.</span> 
     </span>
    </p>
   </div>
   <div class='ocr_carea' id='block_1_6' title="bbox 1348 133 1403 175">
    <p class='ocr_par' dir='ltr' id='par_1_7' title="bbox 1348 133 1403 175">
     <span class='ocr_line' id='line_1_40' title="bbox 1348 133 1403 175; baseline 0 0"><span class='ocrx_word' id='word_1_227' title='bbox 1348 133 1403 175; x_wconf 86' lang='lat'>43</span> 
     </span>
    </p>
   </div>
   <div class='ocr_carea' id='block_1_7' title="bbox 1427 359 1472 394">
    <p class='ocr_par' dir='ltr' id='par_1_8' title="bbox 1427 359 1472 394">
     <span class='ocr_line' id='line_1_41' title="bbox 1427 359 1472 394; baseline 0.022 -1"><span class='ocrx_word' id='word_1_228' title='bbox 1427 359 1472 394; x_wconf 72' lang='lat'>25</span> 
     </span>
    </p>
   </div>
   <div class='ocr_carea' id='block_1_8' title="bbox 1454 1488 1474 1522">
    <p class='ocr_par' dir='ltr' id='par_1_9' title="bbox 1454 1488 1474 1522">
     <span class='ocr_line' id='line_1_42' title="bbox 1454 1488 1474 1522; textangle 90"><span class='ocrx_word' id='word_1_229' title='bbox 1454 1488 1474 1522; x_wconf 58' lang='lat'>&lt;31</span> 
     </span>
    </p>
   </div>
   <div class='ocr_carea' id='block_1_9' title="bbox 1431 1806 1474 1840">
    <p class='ocr_par' dir='ltr' id='par_1_10' title="bbox 1431 1806 1474 1840">
     <span class='ocr_line' id='line_1_43' title="bbox 1431 1806 1474 1840; baseline 0.023 -1"><span class='ocrx_word' id='word_1_230' title='bbox 1431 1806 1474 1840; x_wconf 89' lang='lat'>10</span> 
     </span>
    </p>
   </div>
   <div class='ocr_carea' id='block_1_10' title="bbox 1431 2121 1472 2154">
    <p class='ocr_par' dir='ltr' id='par_1_11' title="bbox 1431 2121 1472 2154">
     <span class='ocr_line' id='line_1_44' title="bbox 1431 2121 1472 2154; baseline 0 0"><span class='ocrx_word' id='word_1_231' title='bbox 1431 2121 1472 2154; x_wconf 70' lang='lat'>15</span> 
     </span>
    </p>
   </div>
   <div class='ocr_carea' id='block_1_11' title="bbox 1428 2436 1472 2469">
    <p class='ocr_par' dir='ltr' id='par_1_12' title="bbox 1428 2436 1472 2469">
     <span class='ocr_line' id='line_1_45' title="bbox 1428 2436 1472 2469; baseline 0.023 -1"><span class='ocrx_word' id='word_1_232' title='bbox 1428 2436 1472 2469; x_wconf 77' lang='lat'>20</span> 
     </span>
    </p>
   </div>
  </div>
 </body>
</html>
