1715 2844
291 59 347 100 32
928 71 968 106 II
991 72 1013 106 5

942 199 996 241 V.

287 274 476 326 Phoebe,
504 275 620 319 fave:
645 292 781 319 novus
806 278 1042 334 ingreditur
1066 286 1139 321 tua
1163 280 1322 336 templa
1347 282 1561 325 sacerdos:

345 339 429 380 huc
454 354 533 394 age
559 354 655 381 cum
681 340 841 382 cithara
866 342 1207 397 carminibusque
1232 344 1341 385 veni.

286 416 399 443 nunc
424 409 465 443 te
489 403 655 444 vocales
682 403 897 458 impellere
920 405 1072 459 pollice
1098 406 1290 456 chordas,

341 480 454 506 nunc
479 480 627 520 precor
652 466 705 506 ad
730 467 877 508 laudes
902 468 1067 510 flectere
1092 470 1220 511 verba
1245 486 1381 513 novas,

240 538 261 571 5
285 527 374 582 ipse
400 528 643 583 triumphali
669 529 888 572 devinctus
913 538 1102 586 tempora
1125 533 1256 582 lauro,

342 591 443 632 dum
469 592 686 633 cumulant
712 608 818 643 aras,
845 593 899 634 ad
923 600 996 635 tua
1021 609 1138 636 sacra
1162 595 1270 637 veni.

285 654 359 696 sed
383 654 540 695 nitidus
567 655 827 710 pulcherque
852 657 967 698 veni:
993 673 1106 699 nunc
1130 658 1257 700 indue
1283 666 1443 700 vestem

341 717 580 772 sepositam,
608 718 757 774 longas
782 735 894 761 nunc
919 720 1026 762 bene
1051 728 1172 775 pecte
1198 736 1352 772 eomas,

284 781 454 834 qualem
478 788 518 822 te
544 790 778 823 memorant
804 781 988 825 Saturno
1014 798 1113 839 rege
1137 784 1284 839 fugato

215 848 260 882 10
340 844 489 885 victori
514 844 660 886 laudes
687 846 948 888 concinuisse
973 847 1080 888 Iovi.

282 914 327 949 tu
352 907 500 963 procul
526 915 730 950 eventura
755 909 886 959 vides,
913 910 988 950 tibi
1014 910 1179 952 deditus
1206 925 1342 966 augur

337 971 416 1012 scit
440 971 548 1012 bene
573 971 674 1025 quid
700 971 776 1013 fati
800 973 978 1028 provida
1004 980 1142 1015 cantet
1166 974 1269 1023 avis,

281 1041 413 1088 tuque
438 1034 550 1089 regis
576 1042 722 1085 sortes,
749 1050 823 1090 per
848 1044 888 1077 te
912 1037 1137 1092 praesentit
1167 1052 1361 1092 aruspex,

336 1097 502 1138 lubrica
528 1097 711 1153 signavit
736 1113 831 1140 cum
858 1099 960 1141 deus
986 1108 1082 1141 exta
1106 1101 1235 1141 notis:

213 1164 257 1198 15
280 1167 321 1202 te
347 1161 456 1202 duce
482 1160 694 1203 Romanos
720 1176 950 1216 numquam
976 1163 1175 1204 frustrata
1201 1162 1377 1218 Sibylla,

339 1224 482 1265 abdita
508 1239 615 1278 quae
642 1225 751 1266 senis
777 1225 865 1267 fata
890 1226 1001 1267 canit
1025 1227 1216 1282 pedibus.

279 1287 469 1336 Phoebe,
496 1303 635 1329 sacras
661 1288 941 1330 Messalinum
967 1289 1056 1331 sine
1082 1298 1256 1345 tangere
1282 1289 1446 1331 chartas

337 1350 457 1399 vatis,
485 1358 525 1392 et
549 1351 638 1406 ipse
662 1367 810 1406 precor
835 1353 937 1406 quid
963 1361 1084 1394 canat
1109 1354 1180 1394 illa
1205 1353 1321 1394 doce.

283 1413 386 1455 haec
419 1414 533 1455 dedit
558 1415 732 1456 Aeneae
759 1422 903 1464 sortes,
930 1423 1151 1471 postquam
1178 1416 1246 1457 ille
1271 1423 1487 1470 parentem

212 1481 257 1516 ‘20
342 1477 495 1518 dicitur
521 1484 561 1518 et
585 1484 726 1532 raptos
753 1478 999 1520 sustinuisse
1024 1480 1150 1520 lares:

279 1555 357 1582 nec
383 1540 472 1581 fore
499 1540 697 1582 credebat
722 1541 914 1590 Romam,
942 1557 1037 1583 cum
1063 1549 1247 1583 maestus
1274 1542 1326 1583 ab
1352 1542 1434 1583 alto

335 1603 444 1645 Ilion
470 1604 663 1645 ardentes
689 1605 999 1660 respiceretque
1025 1605 1137 1647 deos.

279 1667 487 1708 Romulus
514 1674 708 1709 aeternae
734 1668 921 1709 nondum
947 1668 1204 1709 formaverat
1228 1667 1342 1709 urbis

337 1730 517 1779 moenia,
544 1731 726 1772 consorti
751 1746 836 1772 non
861 1730 1090 1772 habitanda
1115 1732 1263 1780 Remo,

209 1803 255 1837 25
279 1793 354 1834 sed
378 1800 479 1834 tunc
503 1793 733 1848 pascebant
757 1794 937 1835 herbosa
961 1794 1126 1836 Palatia
1151 1808 1303 1835 vaccae

336 1863 376 1898 et
401 1856 569 1897 stabant
594 1856 771 1898 humiles
796 1857 839 1897 in
864 1857 977 1898 Iovis
1004 1872 1098 1899 arce
1124 1871 1258 1898 casae.

279 1919 386 1960 lacte
412 1919 585 1960 madens
610 1919 694 1960 illic
720 1919 889 1961 suberat
912 1920 1007 1961 Pan
1031 1919 1134 1960 ilicis
1160 1920 1333 1960 umbrae

337 1988 377 2023 et
402 1981 515 2023 facta
540 1982 696 2038 agresti
720 1983 861 2038 lignea
885 1983 993 2024 falce
1017 1983 1156 2031 Pales,

279 2045 575 2099 pendebatque
601 2045 699 2100 vagi
725 2046 903 2101 pastoris
927 2046 969 2087 in
995 2046 1142 2087 arbore
1168 2052 1324 2094 votum,

208 2119 253 2153 30
334 2109 504 2163 garrula
530 2109 708 2150 silvestri
733 2110 872 2150 fistula
897 2124 1015 2150 saera
1042 2110 1132 2157 deo,

277 2171 431 2221 fistula,
459 2172 526 2213 cui
553 2187 717 2227 semper
743 2173 944 2214 decrescit
970 2172 1183 2214 arundinis
1209 2171 1329 2212 ordo:

333 2250 430 2275 nam
457 2236 641 2276 calamus
668 2250 762 2277 cera
787 2236 974 2289 iungitur
998 2250 1130 2289 usque
1156 2234 1302 2275 minor.

278 2305 320 2339 at
345 2312 429 2351 qua
454 2298 628 2340 Velabri
652 2298 766 2353 regio
792 2305 920 2353 patet,
947 2298 1007 2339 ire
1032 2298 1192 2339 solebat

334 2361 513 2415 exiguus
539 2362 661 2415 pulsa
685 2376 760 2416 per
784 2361 892 2402 vada
917 2361 1039 2402 linter
1064 2376 1186 2414 aqua.

207 2434 250 2468 35
275 2423 345 2464 illa
372 2439 497 2478 saepe
522 2424 663 2478 gregis
690 2424 763 2464 diti
789 2424 991 2478 placitura
1016 2423 1214 2477 magistro

333 2486 386 2528 ad
412 2487 608 2528 iuvenem
634 2487 742 2528 festa
767 2494 829 2528 est
854 2494 973 2527 vecta
998 2487 1138 2541 puella
1164 2485 1243 2533 die,

275 2565 371 2591 cum
397 2564 480 2603 qua
505 2550 675 2591 fecundi
701 2550 911 2591 redierunt
936 2564 1109 2590 munera
1134 2548 1253 2597 ruris,

331 2628 477 2654 caseus
504 2620 545 2655 et
570 2613 716 2654 niveae
743 2612 946 2654 candidus
972 2627 1106 2667 agnus
1132 2611 1232 2652 ovis.
1261 2635 1314 2640 ——-
