1715 2844
263 58 318 100 36
896 68 980 105 116

260 149 371 191 illius
396 149 450 191 ad
473 149 684 191 tumulum
707 149 870 207 fugiam
894 152 1156 208 supplexque
1181 153 1335 196 sedebo

319 221 359 254 et
383 228 478 254 mea
502 228 598 254 cum
623 221 739 254 muto
764 214 852 255 fata
878 229 1029 269 querar
1055 216 1205 258 cinere.

192 280 237 316 35
260 283 345 317 non
370 276 475 317 feret
500 291 634 330 usque
659 291 782 318 suum
806 284 847 318 te
871 286 1042 333 propter
1065 279 1165 321 flere
1191 280 1401 322 clientem:

317 339 428 380 illius
454 347 501 380 ut
526 339 679 388 verbis,
706 340 761 381 sis
787 340 890 381 mihi
914 341 1040 391 lenta,
1066 350 1176 392 veto,

258 417 311 444 ne
336 402 412 442 tibi
437 402 618 457 neglecti
642 402 807 444 mittant
832 404 945 445 mala
969 405 1130 447 somnia
1155 421 1312 456 manoe,

315 473 560 518 maestaque
587 465 746 520 sopitae
772 473 852 507 stet
877 481 992 508 soror
1018 476 1113 510 ante
1138 476 1289 519 torum,

259 528 394 582 qualis
421 528 474 568 ab
500 528 666 569 excelsa
690 543 891 584 praeceps
916 530 1088 585 delapsa
1112 532 1296 573 fenestra

188 600 233 634 40
315 591 429 632 venit
455 591 508 631 ad
532 591 718 632 infernos
745 592 1067 647 sanguinolenta
1091 595 1220 636 lacus.

258 654 416 703 desino,
442 669 495 695 ne
521 654 715 696 dominae
740 655 880 696 luctus
904 664 1158 699 renoventur
1183 658 1341 699 acerbi:

312 732 396 759 non
424 732 502 772 ego
529 732 622 758 sum
648 718 765 767 tanti,
791 718 925 773 ploret
950 727 997 761 ut
1020 720 1091 761 illa
1115 721 1258 762 semel.

255 795 333 822 nec
358 780 540 822 lacrimis
567 780 711 822 oculos
737 781 866 836 digna
891 790 954 824 est
978 783 1149 825 foedare
1173 784 1388 838 loquaces:

312 844 408 885 lena
433 852 554 886 nocet
580 844 714 893 nobis,
740 845 832 899 ipsa
856 846 997 900 puella
1022 846 1134 888 bona
1159 854 1233 888 est.

186 915 232 950 45
255 907 352 949 lena
377 914 490 948 vetat
516 907 716 949 miserum
740 910 864 963 recipi
887 909 1117 963 furtimque
1141 910 1317 952 tabellas

313 971 477 1012 occulto
502 978 673 1025 portans
698 970 813 1024 itque
838 972 1029 1026 reditque
1056 973 1168 1014 sinu:

257 1049 396 1088 saepe,
423 1048 502 1089 ego
529 1048 626 1075 cum
651 1033 846 1075 dominae
872 1035 1015 1076 dulces
1041 1051 1065 1076 a
1089 1036 1233 1078 limine
1258 1035 1362 1077 duro

314 1111 498 1152 agnosco
524 1110 663 1146 voces,
690 1096 794 1138 haec
818 1105 946 1152 negat
972 1112 1061 1139 esse
1087 1098 1218 1138 domi:

258 1173 397 1213 saepe,
424 1158 496 1199 ubi
522 1173 606 1200 nox
631 1159 836 1213 promissa
860 1158 963 1200 mihi
989 1168 1065 1209 est,
1090 1160 1291 1215 languere
1315 1160 1497 1214 puellam

186 1231 232 1265 50
313 1222 478 1262 nuntiat
504 1229 575 1262 aut
600 1222 760 1276 aliquas
788 1222 1030 1264 extimuisse
1054 1223 1202 1264 minas.

254 1291 354 1326 tunc
379 1285 533 1326 morior
558 1285 682 1335 curis,
708 1292 807 1327 tuno
833 1301 950 1327 mens
975 1285 1077 1326 mihi
1102 1286 1265 1341 perdita
1289 1286 1422 1341 fingit,

312 1348 459 1402 quisve
485 1363 623 1389 meam
648 1356 800 1398 teneat,
826 1356 929 1402 quot
953 1356 1146 1390 teneatve
1171 1348 1326 1390 modis:

256 1419 357 1453 tunc
382 1411 471 1461 tibi,
501 1412 608 1460 lena,
635 1427 783 1467 precor
808 1412 937 1453 diras:
965 1412 1064 1453 satis
1091 1411 1216 1452 anxia
1240 1411 1371 1461 vivas,

312 1475 490 1518 moverit
515 1490 537 1517 e
562 1476 670 1517 votis
695 1490 792 1530 pars
817 1482 1128 1529 quotacumque
1154 1475 1266 1516 deos.
