1715 2844
313 124 341 169 6
963 134 1026 171 12

312 217 501 273 quisquis
528 230 668 259 amore
693 223 869 266 tenetur,
895 223 961 259 eat
985 224 1184 272 tutusque
1209 231 1408 272 sacerque

339 280 346 283 s
368 280 573 335 qualibet:
599 279 769 321 insidias
793 293 876 320 non
900 279 1087 322 timuisse
1113 280 1245 322 decet.

311 357 396 384 non
420 343 521 384 mihi
546 343 667 398 pigra
690 349 842 384 nocent
865 341 1064 385 hibernae
1089 342 1248 399 frigora
1272 343 1418 393 noctis,

243 410 287 446 30
368 421 452 447 non
477 405 591 455 mihi,
618 420 714 446 cum
737 405 869 446 multa
893 405 1048 447 decidit
1071 405 1205 447 imber
1229 420 1350 460 aqua.

310 483 395 510 non
419 468 537 509 labor
561 468 628 509 hic
654 468 793 517 laedit,
819 475 974 509 reseret
998 468 1122 509 modo
1147 467 1273 510 Delia
1297 476 1436 524 postes

368 539 409 573 et
434 538 556 573 vocet
580 530 634 572 ad
660 530 779 586 digiti
804 546 870 572 me
896 531 1102 572 taciturna
1127 545 1288 573 sonum.

310 595 468 651 parcite
492 594 734 644 luminibus,
761 608 835 635 seu
860 594 922 635 vir
947 608 1020 635 seu
1045 594 1200 635 femina
1223 594 1296 636 fiat

368 657 512 698 obvia:
539 656 664 698 celari
689 656 779 697 vult
804 671 879 698 sua
904 656 1016 697 furta
1040 656 1198 698 Venus.

242 731 286 766 35
309 735 393 762 neu
418 720 593 775 strepitu
618 727 768 761 terrete
793 719 962 774 pedum,
987 734 1070 760 neu
1100 719 1286 773 quaerite
1311 734 1474 770 nomen,

365 798 449 825 neu
475 798 604 838 prope
630 782 810 838 fulgenti
834 781 993 823 lumina
1017 781 1123 823 ferte
1148 782 1253 824 face.

310 846 346 887 si
370 846 464 900 quis
491 853 531 887 et
556 845 800 901 imprudens
825 844 1047 900 aspexerit,
1073 845 1237 886 occulat
1260 845 1329 887 ille

366 923 524 964 perque
549 908 649 950 deos
675 922 818 949 omnes
844 922 888 949 se
913 907 1151 949 meminisse
1175 916 1319 964 neget:

309 988 408 1013 nam
433 971 559 1013 fuerit
583 971 836 1025 quicumque
861 970 1028 1025 loquax,
1053 970 1088 1012 is
1114 971 1318 1026 sanguine
1341 978 1497 1021 natam,

240 1045 286 1080 40
366 1035 401 1076 is
425 1035 638 1077 Venerem
663 1050 685 1076 e
710 1034 856 1089 rapido
881 1034 1031 1075 sentiet
1056 1048 1146 1076 esse
1171 1034 1287 1075 mari.

309 1112 388 1140 nec
411 1104 552 1139 tamen
577 1097 675 1139 huic
700 1096 839 1139 credet
864 1097 1047 1138 coniunx
1071 1104 1182 1146 tuus,
1207 1103 1253 1138 ut
1277 1096 1379 1138 mihi
1404 1112 1531 1139 verax

366 1160 552 1216 pollicita
577 1167 640 1202 est
664 1160 828 1215 magico
853 1174 956 1215 saga
979 1158 1221 1201 ministerio.
1283 1172 1295 1178 ‘

308 1224 417 1264 hanc
442 1237 521 1278 ego
547 1223 598 1264 de
623 1223 739 1264 caelo
764 1222 988 1264 ducentem
1012 1221 1149 1263 sidera
1172 1221 1271 1271 vidi,

366 1285 548 1326 fluminis
574 1285 678 1327 haec
703 1284 839 1340 rapidi
864 1284 1048 1326 carmine
1072 1284 1194 1326 vertit
1218 1284 1308 1335 iter,

240 1359 286 1394 45
310 1347 415 1390 haec
440 1356 564 1390 cantu
589 1347 792 1402 finditque
818 1348 953 1389 solum
977 1362 1205 1401 manesque
1231 1347 1432 1403 sepulcris

367 1411 478 1453 elicit
504 1418 543 1453 et
569 1410 708 1466 tepido
735 1411 911 1452 devocat
935 1425 1030 1452 ossa
1054 1425 1176 1466 rogo:

309 1474 392 1516 iam
417 1482 531 1516 tenet
555 1474 738 1515 infernas
763 1473 928 1528 magico
953 1473 1128 1514 stridore
1154 1479 1356 1523 catervas,

364 1537 447 1578 iam
472 1536 588 1578 iubet
614 1551 803 1592 aspersas
827 1536 933 1577 lacte
958 1535 1111 1578 referre
1136 1535 1299 1591 pedem.

310 1615 405 1642 cum
430 1600 544 1648 libet,
569 1599 673 1641 haec
697 1598 803 1640 tristi
829 1598 998 1653 depellit
1022 1598 1167 1639 nubila
1191 1598 1325 1640 caelo:

241 1668 285 1702 50
368 1678 464 1704 cum
488 1662 602 1711 libet,
630 1662 787 1704 aestivo
813 1668 1015 1703 convocat
1039 1660 1139 1702 orbe
1166 1660 1297 1702 nives.

311 1726 399 1767 sola
424 1734 566 1767 tenere
590 1725 721 1766 malas
747 1724 927 1767 Medeae
953 1724 1103 1765 dicitur
1127 1723 1292 1774 herbas,

365 1788 454 1830 sola
478 1788 587 1830 feros
613 1789 802 1829 Hecatae
827 1787 1114 1843 perdomuisse
1139 1801 1277 1829 canes.

309 1851 412 1894 haec
437 1851 538 1892 mihi
563 1850 796 1906 composuit
821 1857 980 1900 cantus,
1006 1849 1099 1904 quis
1124 1849 1267 1891 fallere
1291 1863 1454 1905 posses:

366 1922 428 1956 ter
453 1929 569 1963 cane,
594 1921 656 1955 ter
681 1913 800 1954 dictis
826 1913 983 1968 despue
1010 1912 1275 1954 carminibus.

241 1983 285 2017 55
309 1977 378 2019 ille
402 1976 505 2017 nihil
530 1976 682 2032 poterit
706 1975 758 2017 de
782 1975 902 2017 nobis
928 1975 1096 2017 credere
1121 1975 1330 2029 cuiquam,

365 2055 449 2081 non
474 2039 566 2088 sibi,
592 2039 626 2081 si
650 2039 692 2080 in
717 2039 831 2080 molli
856 2038 1007 2080 viderit
1031 2039 1119 2093 ipse
1145 2045 1248 2079 toro.

309 2110 355 2144 tu
380 2111 521 2144 tamen
546 2102 756 2144 abstineas
783 2101 892 2143 aliis:
918 2116 1016 2142 nam
1041 2108 1178 2143 cetera
1202 2106 1342 2142 cernet

367 2166 523 2207 omnia:
551 2165 603 2207 de
628 2180 694 2206 me
719 2179 802 2206 uno
829 2164 976 2206 sentiet
1001 2164 1068 2205 ille
1093 2163 1207 2205 nihil.

310 2229 411 2283 quid
437 2228 629 2270 credam?
653 2242 804 2283 nempe
829 2226 932 2268 haec
957 2226 1103 2268 eadem
1128 2240 1172 2267 se
1197 2225 1301 2266 dixit
1326 2238 1486 2268 amores

242 2297 285 2332 60
367 2291 558 2333 cantibus
583 2298 654 2332 aut
679 2289 818 2331 herbis
843 2290 1003 2331 solvere
1028 2303 1150 2343 posse
1174 2302 1301 2337 meos,

312 2362 352 2396 et
377 2369 442 2395 mc
468 2353 658 2394 lustravit
682 2352 828 2401 taedis,
855 2359 894 2393 et
919 2358 1040 2393 nocte
1067 2365 1213 2392 serena

367 2416 546 2458 concidit
571 2416 624 2456 ad
648 2415 832 2470 magicos
859 2414 993 2455 hostia
1016 2413 1131 2469 pulla
1155 2413 1267 2454 deos.

309 2494 393 2521 non
419 2493 497 2533 ego
524 2485 635 2519 totus
662 2477 826 2518 abesset
852 2491 980 2525 amor,
1008 2476 1080 2517 scd
1107 2482 1274 2516 mutuus
1303 2481 1424 2524 esset,

366 2541 551 2589 orabam,
576 2554 654 2581 nec
679 2547 719 2581 te
745 2554 866 2594 posse
892 2553 1031 2580 carcre
1057 2538 1193 2578 velim.

242 2611 286 2646 65
312 2606 469 2647 ferreus
495 2604 562 2645 illc
589 2603 678 2651 fuit,
704 2603 775 2656 qui
801 2610 841 2644 te
866 2617 960 2644 cum
986 2609 1125 2656 posset
1150 2600 1318 2651 habere,

367 2667 557 2710 maluerit
584 2665 759 2721 praedas
785 2666 934 2707 stultus
960 2672 1000 2707 et
1025 2680 1140 2706 amna,
1164 2664 1293 2718 sequi.
