1667 2909
757 123 836 162 115

125 206 322 263 ‘impiger
346 208 509 258 Aenea,
535 207 746 249 volitantis
770 207 899 250 frater
923 207 1109 256 Amoris,

179 270 333 313 Troica
357 271 429 325 qui
453 271 644 326 profugis
669 285 788 312 sacra
813 269 931 311 vehis
956 270 1131 319 ratibus,

123 332 207 374 iam
232 333 307 375 tibi
332 334 568 376 Laurentes
595 333 788 388 adsignat
813 332 1006 388 Iuppiter
1030 346 1168 388 agros,

180 396 264 438 iam
289 404 411 438 vocat
436 403 621 439 errantes
647 395 815 451 hospita
839 403 952 436 terra
975 395 1098 437 lares.

124 458 208 500 illic
233 468 400 501 sanctus
426 459 521 508 eris,
547 473 642 500 cum
667 466 709 500 te
732 458 973 500 veneranda
997 457 1169 499 Numici

181 521 295 564 unda
319 522 445 564 deum
472 522 587 563 caelo
613 521 772 563 miserit
796 521 1040 577 indigetem.

125 599 222 627 ecce
245 600 371 640 super
395 585 528 626 fessas
553 584 699 626 volitat
724 584 914 626 Victoria
938 599 1117 639 puppes,

180 648 350 690 tandem
375 648 429 689 ad
453 648 660 689 Troianos
687 648 785 689 diva
809 648 992 703 superba
1016 647 1142 689 venit.

125 724 222 753 ecce
246 710 349 752 mihi
372 711 515 752 lucent
541 711 708 752 Rutulis
734 710 930 752 incendia
955 711 1120 752 castris:

181 773 265 814 iam
290 772 367 814 tibi
391 773 603 829 praedico,
630 773 809 815 barbare
835 773 994 823 Turne,
1019 788 1178 815 necem.

124 844 221 878 ante
246 836 388 878 oculos
414 836 608 878 Laurens
635 844 818 878 castrum
842 851 1073 891 murusque
1098 835 1253 877 Lavini
1279 843 1341 877 est

182 899 381 953 Albaque
407 899 461 941 ab
485 899 673 941 Ascanio
700 899 868 940 condita
892 900 1019 954 longa
1044 899 1164 940 duce.

124 969 165 1004 te
190 976 358 1016 quoque
382 961 468 1003 iam
492 962 629 1012 video,
655 962 787 1003 Marti
813 962 1018 1017 placitura
1043 962 1238 1004 sacerdos

181 1025 274 1075 Ilia,
300 1026 495 1068 Vestales
521 1025 755 1067 deseruisse
780 1025 910 1074 focos,

126 1088 458 1143 concubitusque
482 1097 576 1130 tuos
603 1088 749 1130 furtim
776 1089 985 1144 vittasque
1009 1088 1194 1131 iacentes

181 1159 221 1193 et
246 1151 389 1207 cupidi
414 1151 468 1193 ad
490 1151 604 1207 ripas
630 1167 747 1193 arma
771 1152 917 1193 relicta
942 1151 1022 1193 dei.

126 1214 283 1270 carpite
307 1229 433 1264 nunc,
458 1214 579 1264 tauri,
605 1215 656 1256 de
682 1222 843 1270 septem
868 1215 1081 1256 montibus
1108 1214 1273 1263 herbas,

183 1278 285 1319 dum
308 1278 425 1320 licet:
453 1277 521 1319 hic
545 1293 725 1334 magnae
750 1278 832 1319 iam
859 1278 977 1320 locus
1002 1278 1118 1319 urbis
1144 1278 1233 1320 erit.

127 1340 278 1392 Roma,
304 1349 425 1383 tuum
449 1355 603 1383 nomen
629 1341 747 1383 terris
772 1341 900 1382 fatale
925 1341 1135 1397 regendis,

183 1419 268 1459 qua
292 1419 368 1446 sua
392 1404 444 1446 de
469 1404 585 1446 caelo
610 1404 811 1460 prospicit
837 1420 937 1445 arva
964 1403 1109 1454 Ceres,

126 1482 293 1523 quaque
318 1475 463 1524 patent
487 1475 603 1510 ortus
629 1475 668 1510 et
693 1482 778 1522 qua
801 1467 1062 1509 fluitantibus
1088 1467 1211 1509 undis

187 1530 298 1574 Solis
324 1531 569 1573 anhelantes
595 1531 728 1573 abluit
753 1531 886 1572 amnis
912 1545 1055 1585 equos.

127 1595 256 1636 Troia
280 1595 451 1648 quidem
475 1602 576 1637 tunc
601 1609 646 1637 se
671 1594 890 1636 mirabitur
915 1602 955 1635 et
981 1594 1059 1635 sibi
1086 1594 1194 1636 dicet

183 1673 257 1700 vos
283 1658 390 1701 bene
415 1666 502 1700 tam
525 1658 654 1713 longa
679 1658 940 1700 consuluisse
966 1658 1046 1699 via.

127 1737 228 1765 vera
253 1736 376 1763 cano:
403 1722 462 1763 sic
487 1736 620 1776 usque
647 1736 785 1763 sacras
811 1721 982 1762 innoxia
1007 1721 1149 1762 laurus

185 1799 345 1834 vescar,
372 1792 413 1826 et
437 1791 653 1826 aeternum
680 1785 731 1825 sit
756 1784 857 1825 mihi
883 1783 1129 1839 virginitas?

128 1847 232 1890 haec
257 1847 406 1889 cecinit
431 1855 548 1889 vates
575 1854 615 1889 et
639 1855 680 1888 te
706 1847 797 1897 sibi,
823 1847 1012 1897 Phoebe,
1039 1847 1216 1896 vocavit,

184 1911 356 1952 iactavit
380 1910 496 1952 fusas
523 1918 564 1953 et
589 1919 716 1966 caput
741 1918 837 1953 ante
863 1925 1017 1952 comas.

129 1973 333 2028 quidquid
357 1972 598 2023 Amalthea,
625 1973 831 2027 quidquid
856 1973 1073 2028 BIarpesia
1098 1972 1203 2013 dixit

185 2036 432 2091 Herophile‚
459 2036 590 2092 Phyto
620 2035 750 2078 Graia
774 2036 889 2091 quod
914 2036 1144 2084 admonuit,

130 2113 318 2154 quasque
344 2099 513 2141 Aniena
539 2113 677 2140 sacras
703 2099 859 2141 Tiburs
885 2114 958 2154 per
983 2099 1156 2140 flumina
1181 2105 1313 2140 sortes

186 2162 360 2218 portarit
385 2163 495 2204 sicco
521 2162 822 2217 pertuleritque
847 2162 940 2203 sinu
965 2189 1020 2193 —

131 2225 210 2267 hae
235 2225 323 2267 fore
355 2225 551 2267 dixerunt
576 2225 674 2267 belli
699 2226 809 2267 mala
835 2226 956 2280 signa
981 2233 1183 2275 cometen,

187 2288 344 2330 multus
369 2297 414 2330 ut
439 2289 482 2329 in
507 2296 636 2330 terras
663 2288 964 2344 deplueretque
990 2288 1114 2343 lapis:

132 2359 256 2405 atque
281 2351 404 2393 tubas
428 2359 555 2406 atque
581 2367 697 2393 arma
721 2352 861 2393 ferunt
887 2351 1147 2407 strepitantia
1172 2351 1288 2393 caelo

189 2413 331 2455 audita
356 2421 397 2456 et
420 2415 536 2456 lucos
562 2414 845 2470 praecinuisse
870 2414 1035 2470 fugam:

132 2476 269 2532 ipsum
294 2476 419 2518 etiam
445 2476 587 2519 Solem
613 2478 824 2520 defectum
850 2477 1008 2519 lumine
1034 2477 1137 2518 vidit

188 2539 364 2594 iungere
387 2539 588 2594 pallentes
613 2541 782 2582 nubilus
810 2555 943 2582 annus
969 2554 1098 2593 equos

133 2610 173 2644 et
198 2601 421 2643 simulacra
446 2603 571 2644 deum
596 2603 788 2646 lacrimas
813 2603 973 2644 fudisse
998 2610 1186 2657 tepentes

189 2664 360 2718 fataque
386 2666 550 2707 vocales
575 2666 888 2721 praemonuisse
913 2665 1054 2707 boves.
1245 2719 1266 2756 3

203 2731 336 2762 wallus.

1429 109 1484 154 33

1510 269 1556 304 40

1513 584 1558 619 45

1515 894 1560 929 50

1517 1211 1562 1246 55

1517 1527 1562 1563 60

1516 1844 1561 1879 65

1517 2160 1562 2195 70

1517 2476 1561 2511 75
