1715 2844
350 83 406 125 40
975 93 1034 129 111
1056 95 1080 129 4

350 175 407 216 ite
431 175 591 230 procul,
615 190 766 217 vanum
790 175 1028 230 falsumque
1054 176 1228 219 avertite
1252 177 1407 219 visum:

368 291 374 293 s
409 238 584 280 desinite
608 238 651 279 in
676 239 790 280 nobis
815 253 1016 293 quaerere
1041 240 1147 282 velle
1172 239 1311 280 fidem.

306 306 327 339 5
351 300 437 341 divi
462 317 562 343 vera
586 309 770 350 monent,
796 309 998 344 venturae
1022 302 1170 343 nuntia
1195 302 1316 343 sortis

408 379 507 406 vera
531 373 702 406 monent
726 364 876 405 Tuscis
904 372 999 406 exta
1023 366 1200 420 probata
1225 365 1343 406 viris:

351 427 512 467 somnia
537 427 676 468 fallaci
700 427 851 468 ludunt
876 428 1097 469 temeraria
1121 435 1243 469 noete

407 497 448 530 et
473 489 647 544 pavidas
673 497 833 531 mentes
859 490 966 531 falsa
990 490 1136 532 timere
1160 490 1317 531 iubent.

349 560 391 593 et
414 560 560 593 natum
585 554 627 593 in
653 569 766 593 curas
791 552 1008 593 hominum
1032 569 1166 608 genus
1192 554 1332 594 omina
1356 553 1488 594 noetis

282 620 327 655 10
408 615 518 657 farre
543 615 613 670 pio
641 615 809 670 placant
834 623 874 657 et
899 616 1071 658 saliente
1098 616 1207 657 sale?

350 685 392 720 et
416 686 570 727 tamen,
596 685 824 732 utcumque
850 686 925 727 est,
952 679 1039 720 sive
1063 678 1123 720 illi
1149 694 1249 720 vera
1272 678 1444 728 moneri,

405 741 598 782 mendaci
624 755 770 782 somno
796 741 965 783 eredere
991 742 1078 783 sive
1103 741 1257 790 volent,

350 804 504 845 efficiat
530 818 660 845 vanos
686 804 820 845 noetis
847 804 1015 845 Lucina
1040 804 1209 846 timores

406 875 447 909 et
471 867 625 908 frustra
650 867 905 909 immeritum
931 867 1193 922 pertimuisse
1218 867 1331 916 velit,

280 936 325 972 15
349 930 384 972 si
409 946 504 972 mea
527 944 605 971 nee
629 930 740 985 turpi
765 945 882 972 mens
909 938 973 971 est
998 931 1180 971 obnoxia
1204 930 1315 971 facto

405 1008 483 1035 nee
508 993 628 1034 laesit
653 1008 828 1047 magnos
854 993 983 1048 impia
1007 994 1153 1048 lingua
1179 993 1290 1035 deos.

348 1057 433 1098 iam
457 1071 541 1097 nox
567 1055 798 1098 aetherium
823 1056 954 1112 nigris
980 1071 1149 1098 emensa
1173 1055 1387 1110 quadrigis

405 1120 611 1160 mundum
637 1120 828 1161 caeruleo
855 1120 1014 1161 laverat
1039 1135 1162 1161 amne
1186 1127 1312 1169 rotas,

348 1198 426 1225 nee
451 1198 518 1224 me
543 1182 724 1238 sopierat
750 1183 878 1224 menti
905 1182 1007 1224 deus
1033 1182 1146 1224 utilis
1172 1197 1342 1237 aegrae:

280 1254 325 1289 20
408 1261 580 1287 somnus
608 1245 804 1286 sollicitas
832 1246 969 1287 deficit
995 1253 1091 1287 ante
1117 1246 1276 1286 domos.

348 1310 533 1358 tandem,
559 1324 655 1350 eum
681 1324 844 1350 summo
869 1309 1068 1350 Phoebus
1094 1308 1308 1364 prospexit
1334 1308 1387 1349 ab
1413 1315 1518 1357 ortU,

404 1373 554 1428 pressit
577 1373 816 1427 languentis
842 1373 1000 1413 lumina
1026 1387 1118 1413 sera
1142 1372 1272 1426 quies.

347 1436 415 1477 hie
440 1436 603 1477 iuvenis
630 1443 742 1477 easta
768 1435 985 1476 redimitus
1011 1443 1200 1490 tempora
1224 1435 1343 1475 lauro

406 1508 468 1541 est
493 1500 608 1540 visus
634 1506 777 1539 nostra
802 1513 958 1553 ponere
984 1499 1082 1540 sede
1109 1499 1271 1553 pedem.

278 1575 324 1609 25
347 1578 432 1604 non
457 1563 527 1603 illo
553 1562 779 1616 quiequam
805 1562 1029 1603 formosius
1055 1562 1140 1602 ulla
1165 1561 1352 1616 priorum

405 1634 532 1675 aetas,
558 1626 718 1667 heroum
744 1640 821 1666 1100
848 1626 937 1666 tulit
960 1626 1045 1666 ulla
1070 1627 1222 1666 domus.

346 1690 499 1731 intonsi
526 1689 659 1731 crines
685 1689 811 1743 longa
837 1688 997 1730 eerviee
1023 1688 1224 1737 fluebant,

405 1753 587 1794 stillabat
614 1751 738 1807 Syrio
764 1759 925 1806 myrtea
950 1766 1041 1793 rore
1069 1766 1200 1793 coma.

348 1816 505 1857 candor
531 1822 631 1863 erat,
658 1815 826 1868 qualem
853 1814 1035 1869 praefert
1061 1813 1243 1854 Latonia
1269 1812 1408 1862 Luna,

280 1885 324 1918 30
406 1886 446 1920 et
472 1878 584 1920 eolor
608 1878 649 1918 in
675 1877 797 1918 niveo
824 1892 995 1932 eorpore
1021 1891 1270 1931 purpureus,

347 1950 394 1983 ut
419 1941 559 1982 iuveni
585 1940 766 1995 primum
792 1940 911 1995 virgo
938 1940 1119 1981 deducta
1143 1939 1291 1981 marito

405 2005 586 2045 inficitur
610 2012 773 2045 teneras
799 2018 869 2044 ore
895 2003 1073 2045 rubente
1099 2018 1242 2057 genas,

349 2076 389 2110 et
414 2082 508 2109 eum
535 2074 764 2108 contexunt
789 2066 1012 2108 amarantis
1039 2066 1136 2107 alba
1160 2066 1326 2121 puellae

405 2131 491 2172 lilia
516 2138 555 2171 et
582 2138 782 2170 autumno
809 2129 987 2171 eandida
1012 2129 1123 2170 mala
1147 2129 1312 2171 rubent.

284 2205 328 2239 35
352 2194 436 2235 ima
461 2193 682 2235 videbatur
706 2193 799 2234 talis
825 2193 1013 2234 inludere
1039 2192 1168 2247 palla:

406 2271 588 2310 namque
614 2255 718 2296 haee
744 2255 786 2295 in
812 2255 943 2295 nitido
970 2270 1142 2309 eorpore
1167 2253 1293 2295 vestis
1320 2259 1420 2295 erat.

349 2320 447 2361 artis
472 2334 576 2373 opus
602 2333 734 2367 rarae,
761 2317 928 2372 fulgens
955 2317 1163 2359 testudine
1193 2324 1234 2358 et
1258 2330 1359 2357 auro

406 2382 616 2437 pendebat
642 2382 764 2422 laeva
788 2380 957 2435 garrula
982 2387 1099 2435 parte
1124 2380 1227 2433 lyra.

349 2446 457 2488 hane
483 2445 663 2500 primum
690 2444 861 2485 veniens
886 2444 1043 2498 plectro
1068 2441 1307 2483 modulatus
1333 2441 1493 2483 eburno

280 2520 326 2556 40
406 2509 548 2551 seliees
575 2516 721 2548 cantus
747 2522 817 2548 ore
843 2515 1015 2547 sonante
1041 2505 1173 2547 dedit:

350 2573 423 2615 sed
455 2579 677 2627 postquam
702 2570 866 2611 fuerant
893 2569 1011 2624 digiti
1038 2584 1132 2609 eum
1158 2581 1261 2608 voee
1286 2566 1427 2617 locuti,

406 2636 535 2678 edidit
560 2634 663 2676 haee
688 2633 803 2675 dulei
829 2633 961 2673 tristia
987 2632 1116 2674 verba
1140 2630 1284 2672 modo:
