1667 2909
664 654 793 695 XIII.

111 750 304 793 Tandem
327 749 441 791 venit
466 762 595 796 amor,
621 746 791 800 qualem
815 744 969 786 texisse
994 741 1153 798 pudore

168 829 296 868 quam
319 812 501 854 nudasse
527 809 651 852 alicui
678 809 729 849 sit
754 807 855 848 mihi
880 806 994 847 fama
1018 804 1167 859 magis.

113 887 284 920 exorata
307 875 411 917 meis
436 874 554 915 illum
580 871 794 927 Cytherea
821 868 1019 911 Camenis

170 939 308 981 attulit
330 938 374 979 in
398 944 588 978 nostrum
614 934 891 990 deposuitque
917 932 1067 973 sinum.

114 1002 291 1044 exsolvit
313 1000 519 1057 promissa
542 999 708 1041 Venus:
740 1011 834 1038 mea
857 995 1014 1051 gaudia
1037 999 1191 1040 narret,

171 1066 333 1108 dicetur
356 1064 391 1106 si
415 1062 507 1118 quis
533 1076 617 1103 non
642 1060 839 1102 habuisse
865 1074 953 1099 sua.

114 1143 198 1170 non
223 1143 302 1184 ego
328 1125 501 1182 signatis
525 1125 752 1179 quicquam
777 1121 977 1163 mandare
1002 1118 1178 1167 tabellis,

170 1207 224 1233 ne
248 1192 362 1246 legat
385 1189 429 1230 id
452 1202 576 1230 nemo
601 1202 729 1241 quam
754 1200 872 1227 meus
898 1191 1008 1232 ante,
1034 1182 1174 1230 velim,

116 1255 190 1296 sed
214 1267 410 1309 peccasse
435 1252 564 1300 iuvat,
590 1250 730 1291 vultus
757 1261 1007 1302 componere
1032 1246 1170 1286 famae

172 1317 332 1359 taedet:
359 1330 455 1357 cum
480 1314 609 1369 digno
635 1313 765 1368 digna
789 1311 920 1353 fuisse
945 1310 1068 1352 ferar.

678 1546 807 1588 XIV.

118 1632 286 1674 Invisus
310 1630 460 1672 natalis
486 1629 618 1677 adest,
643 1627 716 1681 qui
741 1640 836 1667 rure
861 1624 1037 1666 molesto

177 1702 218 1736 et
241 1694 330 1736 sine
357 1692 558 1735 Cerintho
584 1690 712 1732 tristis
737 1688 928 1744 agendus
953 1687 1043 1729 erit.

121 1758 284 1800 dulcius
307 1757 412 1798 urbe
437 1755 539 1810 quid
564 1754 650 1796 est?
675 1768 729 1794 an
754 1752 855 1793 villa
880 1751 931 1792 sit
956 1757 1054 1805 apta
1078 1747 1242 1803 puellae

179 1829 304 1874 atque
330 1819 527 1860 Arretino
552 1816 732 1871 frigidus
757 1814 890 1856 amnis
916 1813 1043 1868 agro?

119 1885 217 1932 iam,
241 1882 416 1924 nimium
442 1880 644 1922 Messalla
667 1877 751 1920 mei
776 1876 974 1924 studiose,
1001 1874 1204 1929 quiescas,

177 1961 260 1988 neu
285 1944 558 2000 tempestivae
577 1957 700 1998 perye
724 1955 880 1982 monere
904 1939 1010 1980 viae.

121 2009 190 2051 hic
214 2008 401 2050 animum
427 2020 657 2058 sensusque
681 2018 797 2045 meos
823 2002 1006 2044 abducta
1030 2000 1234 2054 relinquo,

179 2069 349 2113 arbitrio
375 2068 567 2125 quamvis
592 2082 675 2110 non
702 2066 802 2108 sinis
828 2080 918 2107 esse
943 2078 1049 2106 meo.

696 2300 800 2343 XV.

128 2384 221 2427 Scis
245 2384 324 2426 iter
348 2397 399 2425 ex
425 2382 562 2423 animo
588 2380 801 2422 sublatum
827 2379 942 2421 triste
966 2376 1156 2433 puellae?

184 2447 313 2488 natali
338 2446 498 2487 Romae
523 2445 605 2485 iam
630 2444 724 2485 licet
750 2457 840 2484 csse
865 2457 963 2482 meo.

130 2509 323 2551 omnibus
347 2508 418 2549 ille
443 2508 529 2548 dies
553 2507 675 2548 nobis
701 2505 852 2546 natalis
879 2512 1041 2557 agatur,

185 2571 258 2626 qui
282 2569 549 2625 necopinanti
573 2583 685 2610 nunc
711 2567 787 2608 tibi
814 2567 920 2607 forte
946 2564 1073 2606 venit.

1418 656 1505 692 1V7

1449 1313 1492 1346 10

1426 1547 1516 1582 IVS

1474 1868 1496 1902 CT

1432 2302 1519 2337 JVS
