1667 2909
496 173 554 210 111
570 174 624 210 10.
643 172 686 209 11
711 172 779 217 (Ν
794 171 827 207 4.
846 172 882 217 5)
1314 156 1370 200 53

67 255 126 298 nil
150 270 256 312 opus
281 262 344 298 est
366 256 486 298 fletu:
510 256 692 298 lacrimis
718 254 794 296 erit
819 253 957 309 aptius
982 252 1056 302 uti,
1394 248 1439 283 21

125 318 159 360 si
184 319 352 373 quando
377 318 503 360 fuerit
527 318 682 360 tristior
705 317 776 358 illa
800 317 888 357 tibi.

69 389 111 423 at
134 397 247 424 nunc
272 390 359 423 tota
383 389 456 422 tua
480 388 556 431 est,
581 388 623 423 te
648 380 784 422 solum
810 378 990 421 candida
1015 391 1158 419 secum
1397 374 1440 408 17

127 445 296 500 cogitat,
321 452 364 486 et
386 444 542 485 frustra
567 443 738 485 credula
761 442 885 483 turba
910 441 1039 483 sedet.

68 506 257 556 Phoebe,
281 507 396 548 fave:
421 507 514 548 laus
539 521 694 562 magna
718 505 793 547 tibi
818 505 1025 546 tribuetur
1049 504 1093 544 in
1117 516 1201 544 uno

127 584 301 626 corpore
324 577 488 612 servato
513 569 744 611 restituisse
770 568 888 609 duos.
1397 574 1442 608 20

69 633 154 674 iam
179 633 355 682 celeber,
380 632 464 673 iam
489 633 623 674 laetus
649 631 744 681 eris,
770 646 868 673 cum
894 629 1037 672 debita
1061 628 1209 670 reddet
1398 631 1444 665 23

127 695 315 737 certatim
341 696 493 737 sanctis
519 696 654 737 laetus
678 703 855 748 uterque
880 693 997 734 focis.

71 765 170 800 tunc
194 766 235 800 te
259 758 426 801 felicem
451 759 559 800 dicet
585 759 655 813 pia
680 758 804 799 turba
829 757 1018 806 deorum,
1399 756 1444 792 25

127 822 333 878 optabunt
357 829 466 864 artes
492 830 533 864 et
557 821 636 863 sibi
662 822 840 876 quisque
865 829 970 861 tuas.

648 1107 733 1150 XI.
1378 1112 1432 1148 IV
1447 1113 1469 1146 5

72 1197 160 1252 Qui
184 1199 288 1242 mihi
313 1206 368 1250 te,
395 1197 610 1249 Cerinthe,
638 1199 725 1240 dies
753 1198 880 1247 dedit,
908 1198 974 1239 hic
1000 1197 1101 1238 mihi
1127 1204 1295 1238 sanctus

129 1271 255 1316 atque
279 1263 387 1304 inter
411 1262 541 1304 festos
568 1277 733 1316 semper
758 1261 977 1303 habendus
1004 1261 1092 1301 erit.

71 1332 113 1366 te
136 1333 333 1367 nascente
357 1340 514 1366 novum
538 1325 699 1366 Parcae
726 1325 912 1366 cecinere
938 1324 1087 1379 puellis

130 1389 346 1430 servitium
370 1396 412 1430 et
437 1389 644 1430 dederunt
668 1403 799 1443 regna
825 1387 1007 1442 superba
1031 1386 1119 1427 tibi.

72 1466 171 1493 uror
195 1466 273 1507 ego
299 1459 396 1493 ante
421 1451 542 1493 alias:
568 1451 685 1491 iuvat
709 1451 802 1499 hoc,
831 1448 1044 1498 Cerinthe‚
1071 1449 1184 1503 quod
1209 1463 1319 1498 uror,
1425 1452 1447 1485 5

130 1514 165 1556 si
190 1514 265 1556 tibi
291 1514 342 1556 de
365 1514 489 1555 nobis
515 1522 685 1555 mutuus
711 1513 820 1569 ignis
847 1513 976 1554 adest.

71 1587 243 1618 mutuus
269 1577 376 1618 adsit
401 1591 530 1626 amor,
557 1591 631 1632 per
657 1585 696 1618 te
722 1576 963 1618 dulcissima
987 1575 1100 1616 furta

128 1653 288 1696 perque
313 1648 407 1681 tuos
432 1640 575 1681 oculos
600 1654 675 1694 per
699 1639 954 1695 geniumque
980 1653 1096 1693 rogo.

72 1718 196 1744 mane
219 1703 332 1758 geni,
358 1717 461 1758 cape
485 1711 580 1743 tura
603 1702 736 1744 libens
763 1702 953 1755 votisque
979 1701 1132 1750 faveto,

130 1766 165 1807 si
188 1766 327 1815 modo,
353 1780 449 1807 cum
475 1765 526 1807 de
550 1780 618 1806 me
644 1765 812 1819 cogitat,
838 1765 907 1805 ille
933 1764 1052 1806 calet.
1403 1762 1447 1796 10

73 1830 187 1885 quod
213 1829 247 1871 si
272 1829 379 1871 forte
405 1829 507 1870 alios
532 1829 615 1870 iam
646 1843 757 1870 nunc
790 1828 970 1883 suspiret
995 1842 1171 1876 amores,

130 1901 230 1934 tunc
254 1905 402 1947 precor
426 1891 591 1940 infidos,
618 1900 773 1940 sancte,
799 1891 987 1944 relinque
1014 1890 1142 1931 focos.

74 1970 152 1998 nec
176 1963 221 1996 tu
247 1955 302 1996 sis
326 1954 493 2004 iniusta,
519 1955 684 1997 Venus:
712 1955 778 1995 vel
804 1954 956 1995 serviat
982 1968 1116 2007 aeque

131 2019 295 2060 vinctus
318 2027 495 2071 uterque
520 2017 609 2067 tibi,
635 2017 701 2059 vel
726 2032 820 2059 mea
845 2017 982 2058 vincla
1006 2017 1112 2059 leva.

75 2081 149 2125 sed
172 2081 312 2137 potius
336 2081 475 2122 valida
500 2088 716 2122 teneamur
741 2089 916 2134 uterque
942 2088 1102 2129 catena,
1403 2083 1447 2118 15

130 2145 246 2186 nulla
270 2151 395 2197 queat
420 2143 594 2198 posthac
618 2142 726 2198 (nos)
751 2143 926 2184 soluisse
953 2143 1053 2184 dies.

76 2215 190 2263 optat
214 2206 327 2248 idem
351 2205 513 2248 iuvenis
539 2206 653 2260 quod
677 2220 766 2255 nos,
793 2206 866 2248 sed
891 2206 1040 2247 tectius
1067 2212 1199 2260 optat:

131 2285 229 2311 nam
253 2269 383 2325 pudet
408 2269 512 2310 haec
536 2269 654 2309 illum
680 2269 817 2311 dicere
842 2269 971 2310 verba
996 2268 1148 2324 palam.

75 2340 118 2375 at
142 2340 201 2381 tu,
226 2332 390 2381 natalis,
416 2331 614 2386 quoniam
641 2331 742 2373 deus
769 2332 908 2373 omnia
934 2331 1074 2379 sentis,

133 2394 289 2436 adnue:
315 2394 417 2449 quid
441 2394 581 2444 refert,
607 2395 768 2437 clamne
794 2395 986 2450 palamne
1012 2394 1156 2449 roget?
1402 2397 1448 2432 20

585 2577 810 2584 ———
