1667 2909
747 134 836 171 110

160 225 332 254 securus
359 214 496 257 varias
523 216 609 258 dux
634 217 775 273 gregis
799 217 907 259 inter
931 232 1043 260 oves.

103 280 204 316 tunc
227 275 330 317 mihi
355 277 441 319 vita
464 277 586 328 foret,
611 280 729 335 vulgi
752 294 831 321 nec
856 280 989 322 tristia
1012 295 1181 323 nossem

160 353 278 380 arma
301 354 380 381 neo
404 341 616 383 audissem
641 342 765 384 corde
789 343 971 385 micante
996 344 1155 386 tubam.

100 414 214 442 nunc
240 401 295 443 ad
318 402 430 445 bella
454 404 609 454 trahor,
636 412 676 446 et
701 405 785 447 iam
810 406 903 460 quis
928 406 1104 450 forsitan
1128 407 1258 451 hostis

157 463 338 506 haesura
361 465 405 507 in
428 474 570 508 nostro
596 468 679 510 tela
703 468 811 524 gerit
836 470 978 512 latere.

101 526 176 568 sed
198 528 322 582 patrii
345 536 509 571 servate
533 531 660 572 lares:
686 532 847 574 aluistis
872 540 914 575 et
937 533 1063 583 idem,

157 603 368 632 cursarem
394 599 554 634 vestros
580 608 676 634 cum
701 602 818 636 tener
843 603 939 637 ante
964 596 1107 652 pedes.

98 666 182 694 neu
206 652 364 708 pudeat
388 654 526 709 prisco
550 670 625 697 vos
652 672 744 698 esse
770 672 792 698 e
819 658 957 713 stipite
983 658 1137 701 factos:

156 714 215 757 sic
239 716 390 758 veteris
416 717 536 759 sedes
561 718 792 762 incoluistis
818 721 897 763 avi.

97 784 197 819 tunc
221 779 373 821 melius
398 787 572 824 tenuere
597 782 738 833 fidem,
766 799 862 825 cum
888 800 1073 841 paupere
1100 786 1215 828 cultu

153 841 292 884 stabat
314 842 358 884 in
383 843 537 900 exigua
561 845 725 901 ligneus
752 847 856 889 aede
883 848 997 890 deus.

95 903 164 946 hic
188 905 378 960 placatus
404 915 506 957 erat,
532 923 606 950 seu
630 909 724 963 quis
749 910 953 953 libaverat
978 926 1118 962 uvam,

153 982 228 1010 seu
253 969 424 1011 dederat
449 979 619 1013 sanctae
645 973 785 1028 spicea
811 982 921 1016 serta
947 990 1109 1017 comae:

95 1037 222 1086 atque
246 1032 397 1088 aliquis
422 1035 508 1076 voti
533 1049 705 1091 compos
730 1037 815 1078 liba
839 1038 929 1093 ipse
954 1038 1117 1080 ferebat

150 1102 329 1150 postque
355 1111 494 1140 comes
518 1114 673 1154 purum
697 1100 783 1141 filia
807 1116 938 1156 parva
962 1101 1122 1145 favum.

93 1164 137 1199 at
160 1158 282 1200 nobis
307 1167 461 1209 aerata,
486 1161 610 1212 lares,
634 1162 830 1218 depellite
855 1164 952 1214 tela,

150 1220 371 1277 hostiaque
396 1238 418 1265 e
442 1224 568 1279 plena
591 1225 747 1267 rustica
772 1241 924 1281 porcus
949 1227 1063 1269 hara.

92 1282 202 1326 hanc
226 1299 332 1340 pura
358 1300 454 1327 cum
480 1295 595 1330 veste
620 1303 773 1343 sequar
796 1298 1017 1345 myrtoque
1043 1291 1224 1333 canistra

149 1347 292 1389 vincta
315 1364 474 1404 geram,
500 1359 637 1406 myrto
662 1352 827 1394 vinctus
853 1361 893 1395 et
918 1353 1007 1409 ipse
1034 1362 1172 1410 caput.

92 1409 152 1452 sic
175 1410 367 1466 placeam
392 1413 531 1455 vobis:
559 1415 664 1456 alius
691 1415 744 1457 sit
769 1415 888 1457 fortis
914 1417 957 1458 in
983 1418 1122 1467 armis,

147 1482 304 1516 sternat
328 1482 368 1517 et
393 1476 591 1519 adversos
616 1478 756 1520 Marte
782 1480 951 1522 favente
977 1481 1118 1530 duces,

90 1543 137 1578 ut
160 1537 264 1579 mihi
288 1539 450 1593 potanti
474 1541 606 1595 possit
633 1557 709 1583 sua
733 1542 872 1584 dicere
898 1544 1010 1585 facta

146 1600 266 1642 miles
292 1609 333 1642 et
356 1602 399 1644 in
424 1618 570 1645 mensa
593 1605 768 1660 pingere
794 1614 930 1647 castra
955 1621 1083 1648 mero.

88 1662 182 1718 quis
206 1663 322 1705 furor
347 1672 410 1707 est
435 1674 570 1708 atram
596 1667 716 1709 bellis
741 1684 951 1711 arcessere
977 1672 1180 1712 mortem?

144 1725 334 1768 imminet
360 1736 401 1769 et
425 1729 551 1771 tacito
577 1730 685 1772 clam
711 1732 825 1773 venit
848 1733 919 1774 illa
944 1733 1070 1788 pede.

87 1804 173 1831 non
198 1805 318 1845 seges
344 1799 406 1833 est
431 1791 540 1834 infra
563 1809 648 1835 non
674 1794 797 1836 vinea
823 1796 948 1845 culta,
976 1797 1049 1837 sed
1075 1797 1213 1839 audax

146 1850 359 1895 Cerberus
384 1861 424 1896 et
450 1854 626 1912 Stygiae
651 1858 795 1899 navita
820 1859 952 1914 turpis
978 1874 1131 1913 aquae:

85 1913 171 1958 illic
195 1917 497 1972 perscissisque
523 1919 643 1974 genis
668 1928 848 1975 ustoque
874 1922 1024 1977 capillo

143 1986 254 2021 errat
278 1979 332 2021 ad
357 1980 556 2023 obscuros
581 1982 740 2038 pallida
764 1984 888 2025 turba
910 1985 1041 2027 lacus.

85 2055 214 2096 quam
237 2042 377 2098 potius
402 2043 640 2087 laudandus
665 2046 734 2088 hic
760 2054 835 2097 est,
861 2062 988 2102 quem
1012 2050 1129 2104 prole
1156 2059 1302 2105 parata

143 2114 319 2160 occupat
344 2106 387 2148 in
412 2122 543 2162 parva
568 2108 690 2164 pigra
716 2118 886 2152 senecta
911 2111 1026 2153 casa!

83 2166 173 2223 ipse
197 2183 295 2210 suas
322 2177 506 2212 sectatur
531 2185 644 2221 oveS,
671 2179 713 2213 at
736 2172 847 2214 filius
874 2189 1020 2229 agnos,

143 2237 184 2272 et
207 2231 387 2273 calidam
411 2232 524 2275 fesso
550 2243 764 2290 comparat
789 2250 895 2277 uxor
921 2251 1089 2291 aquam.

84 2293 144 2336 sic
168 2308 248 2350 ego
273 2295 366 2345 sim,
392 2296 600 2351 liceatque
626 2306 752 2354 caput
778 2299 1029 2343 candescere
1056 2302 1184 2352 canis,

140 2358 339 2413 temporis
365 2366 404 2401 et
429 2360 554 2415 prisci
579 2361 691 2403 facta
715 2362 870 2404 referre
896 2378 1052 2405 senem.

83 2418 243 2461 interea
266 2435 349 2476 pax
375 2437 476 2464 arva
501 2424 622 2465 colat.
669 2439 753 2479 pax
778 2425 956 2467 candida
981 2427 1162 2481 primum

139 2481 259 2523 duxit
283 2492 470 2527 araturos
497 2487 576 2527 sub
600 2487 701 2542 iuga
726 2502 856 2529 curva
881 2489 1030 2530 boves:

84 2559 169 2601 pax
194 2545 297 2586 aluit
321 2546 425 2589 vites
451 2556 491 2589 et
517 2564 639 2591 sucos
665 2551 851 2591 condidit
875 2566 997 2599 uvae,

144 2607 340 2650 funderet
365 2618 411 2650 ut
435 2619 533 2653 nato
560 2620 666 2654 testa
690 2621 864 2668 paterna
888 2629 1069 2656 merum:

83 2682 186 2726 pace
211 2670 361 2714 bidens
387 2688 615 2729 vomerque
639 2676 786 2726 nitent,
812 2685 853 2718 at
878 2676 1010 2719 tristia
1035 2678 1128 2720 duri

1411 127 1466 171 23

1490 231 1534 266 10

1488 540 1532 576 15

1485 851 1531 885 20

1481 1482 1526 1518 30

1478 1805 1523 1840 35

1475 2120 1521 2156 40

1472 2448 1517 2482 45
