1667 2909
3 2824 38 2857 (ἡ.

0 2853 58 2909 ‘u

673 145 779 182 1114

49 230 196 280 ‘salve,
223 245 324 272 cura
348 228 492 271 deum:
519 235 632 271 casto
656 243 754 269 nam
778 228 855 269 rite
879 233 1027 282 poetae

103 293 387 347 Phoebusque
412 301 451 334 et
475 291 669 333 Bacchus
693 289 968 343 Pieridesque
993 290 1155 331 favent:

48 354 122 397 sed
146 356 283 411 proles
310 355 498 398 Semeles
523 353 718 395 Bacchus
744 353 975 406 doctaeque
1001 366 1162 393 sorores

105 418 242 460 dicere
267 433 351 460 non
375 424 541 467 norunt,
567 417 669 471 quid
693 416 800 458 ferat
826 415 927 457 hora
951 430 1149 470 sequens:

48 488 91 522 at
115 481 216 522 mihi
240 481 423 522 fatorum
446 480 562 535 leges
588 479 764 533 aevique
789 478 920 519 futuri

105 551 308 586 eventura
331 551 451 599 pater
474 557 597 598 posse
623 542 764 584 videre
790 542 914 583 dedit.

47 621 176 661 quare
208 620 285 662 ego
312 621 422 660 quae
447 606 539 647 dico
564 620 648 646 non
673 605 801 646 fallax
827 605 969 659 accipe
993 611 1124 654 vates,

105 670 302 724 quodque
328 670 431 711 deus
456 683 555 711 vero
581 667 792 723 Cynthius
817 683 887 709 ore
912 667 1057 708 feram.

47 740 210 774 tantum
234 747 331 774 cara
354 732 443 781 tibi,
469 740 674 786 quantum
698 746 776 773 nec
800 731 886 772 filia
911 731 1047 779 matri,

104 803 307 850 quantum
331 810 409 836 nec
434 795 586 850 cupido
611 795 722 836 bella
746 794 888 849 puella
912 794 1015 843 viro,

46 873 122 914 pro
148 873 232 913 qua
257 858 454 900 sollicitas
480 858 676 900 caelestia
701 857 875 898 numina
900 857 1021 906 votis,

104 936 211 976 quae
236 921 313 962 tibi
337 935 504 963 securos
529 936 614 962 non
640 920 735 961 sinit
760 921 819 961 ire
846 920 933 961 dies

48 992 102 1035 et,
128 999 224 1026 cum
248 992 290 1026 te
313 983 432 1025 fusco
458 998 629 1025 somnus
655 983 809 1024 velavit
836 982 1005 1031 amictu,

104 1062 261 1088 vanum
283 1047 497 1088 nocturnis
522 1046 628 1087 fallit
653 1045 921 1101 imaginibus,

48 1110 301 1152 carminibus
328 1109 537 1151 celebrata
560 1109 643 1150 tuis
669 1109 853 1149 formosa
877 1108 1041 1149 Neaera

105 1173 273 1214 alterius
298 1173 459 1214 mavult
485 1187 575 1213 esse
600 1171 742 1227 puella
768 1171 858 1220 viri,

48 1235 318 1289 diversasque
343 1250 440 1276 suas
466 1235 597 1290 agitat
621 1249 738 1276 mens
763 1234 893 1289 impia
918 1249 1052 1283 curas,

104 1313 181 1340 nec
206 1298 363 1353 gaudet
388 1306 503 1339 casta
527 1305 658 1352 nupta
683 1297 848 1338 Neaera
873 1297 1010 1338 domo.

49 1378 74 1403 a
98 1361 265 1404 crudele
290 1376 424 1416 genus
448 1375 526 1402 nec
550 1360 682 1401 fidum
706 1360 862 1402 femina
887 1359 1057 1401 nomen!

105 1441 130 1467 a
154 1432 310 1480 pereat,
337 1424 480 1465 didicit
505 1424 650 1465 fallere
675 1423 710 1464 si
734 1437 817 1477 qua
843 1423 990 1464 virum.

49 1488 124 1530 sed
147 1487 257 1529 flecti
281 1487 449 1542 poterit:
475 1501 593 1527 mens
618 1494 680 1528 est
706 1486 919 1527 mutabilis
944 1486 1044 1526 illis:

104 1558 150 1592 tu
175 1550 298 1591 modo
324 1564 421 1591 cum
445 1550 576 1590 multa
601 1549 797 1590 bracchia
822 1549 946 1590 tende
972 1549 1067 1590 fide.

49 1628 198 1655 saevus
225 1614 359 1654 Amor
384 1612 523 1653 docuit
550 1612 708 1653 validos
735 1619 938 1667 temptare
964 1612 1142 1660 labores,

106 1691 255 1718 saevus
281 1677 414 1716 Amor
439 1675 580 1716 docuit
605 1675 781 1716 verbera
805 1690 928 1729 posse
954 1675 1052 1729 pati.

49 1754 116 1781 me
141 1738 353 1793 quondam
377 1737 551 1779 Admeti
575 1738 718 1779 niveas
744 1738 909 1792 pavisse
934 1738 1132 1779 iuvencas

104 1816 189 1842 non
214 1809 277 1843 est
300 1801 342 1841 in
367 1816 523 1842 vanum
548 1801 692 1842 fabula
716 1800 814 1842 ficta
839 1801 995 1841 iocum:

50 1872 149 1906 tunc
174 1879 252 1920 ego
277 1879 355 1905 nec
380 1863 538 1904 cithara
562 1871 750 1918 poteram
775 1863 961 1918 gaudere
987 1878 1136 1904 sonora

105 1941 183 1969 nec
207 1926 363 1968 similes
389 1926 554 1968 chordis
579 1926 753 1968 reddere
778 1941 881 1967 voce
908 1941 1045 1975 sonos,

51 1989 124 2032 sed
147 1989 379 2045 perlucenti
404 1997 572 2030 cantum
597 1988 830 2030 meditabar
856 2004 989 2030 avena

106 2052 175 2093 ille
201 2067 280 2107 ego
305 2051 500 2092 Latonae
524 2052 634 2092 filius
661 2060 786 2105 atque
813 2051 939 2092 Iovis.

50 2115 184 2157 nescis
210 2115 311 2169 quid
336 2115 389 2156 sit
414 2129 542 2163 amor,
568 2114 744 2163 iuvenis,
771 2115 804 2155 si
832 2115 939 2155 serre
965 2129 1132 2155 recusas

106 2177 308 2219 immitem
333 2177 546 2218 dominam
572 2177 897 2232 coniugiumque
924 2177 1072 2218 ferum.

51 2254 151 2296 ergo
176 2255 228 2281 ne
253 2239 398 2281 dubita
423 2240 599 2281 blandas
625 2239 821 2281 adhibere
849 2240 1058 2293 querelas:

107 2303 329 2344 vincuntur
353 2303 466 2343 molli
491 2311 661 2357 pectora
686 2303 790 2343 dura
816 2318 951 2357 prece.

51 2365 164 2420 quod
189 2365 223 2406 si
248 2380 346 2406 vera
371 2374 526 2407 canunt
552 2366 677 2407 sacris
704 2366 872 2406 oracula
897 2365 1075 2419 templis,

107 2427 212 2469 haec
235 2427 294 2468 illi
318 2436 459 2469 nostro
483 2428 651 2469 nomine
677 2428 787 2469 dicta
813 2428 938 2468 refer:

51 2488 132 2530 hoc
155 2489 231 2530 tibi
255 2490 496 2545 coniugium
521 2490 720 2545 promittit
748 2490 897 2531 Delius
923 2490 1030 2544 ipse:

108 2551 209 2593 felix
234 2550 313 2592 hoc
337 2552 465 2593 alium
491 2552 633 2594 desine
659 2553 763 2594 velle
791 2552 953 2592 virum.'

54 2613 172 2664 dixit,
198 2620 238 2655 et
262 2613 441 2669 ignavus
467 2615 640 2656 defluxit
666 2630 836 2669 corpore
863 2629 1046 2656 somnus.

112 2692 137 2718 a
160 2691 239 2732 ego
264 2691 316 2718 ne
341 2677 497 2731 possim
522 2686 638 2718 tanta
664 2678 804 2719 videre
830 2677 951 2718 mala.

1348 133 1403 177 41

1434 680 1478 715 50

1434 995 1456 1029 (Ξῖ

1458 995 1479 1029 CJ!

1435 1309 1480 1343 60

1436 2562 1480 2596 SO
