1715 2844
275 205 297 240 5

253 525 298 559 10

253 840 296 874 15

251 1156 296 1189 20

226 1644 315 1679 1V4

251 2291 295 2325 10

252 2607 295 2641 15

322 110 378 152 52
819 119 879 155 111
894 120 927 155 9.
947 120 992 155 10
1016 120 1083 162 (IV
1100 119 1132 154 3.
1150 119 1185 163 4)

380 202 454 244 sed
477 202 624 258 procul
649 201 819 243 abducit
845 201 1025 243 venandi
1049 200 1178 243 Delia
1202 215 1321 243 cura:

436 280 460 306 0
485 273 658 320 pereant
683 265 813 306 silvae
839 264 1118 318 deficiantque
1145 263 1290 306 canes!

379 328 472 382 quis
498 329 614 369 furor
639 338 713 377 est,
739 342 848 382 quae
874 342 1005 376 mens,
1033 328 1184 368 densos
1209 326 1407 382 indagine
1433 328 1558 370 colles

437 391 702 432 claudentem
726 399 892 432 teneras
917 390 1082 432 laedere
1107 390 1215 432 velle
1239 390 1414 431 manus?

377 454 533 507 quidve
557 454 672 494 iuvat
698 453 841 494 furtim
866 453 1047 494 latebras
1072 453 1227 494 intrare
1251 452 1437 494 ferarum

437 516 699 570 candidaque
724 516 903 557 hamatis
930 531 1052 557 crura
1076 524 1220 557 notare
1246 515 1388 556 rubis?

380 579 454 620 sed
480 587 635 628 tamen,
667 586 714 619 ut
739 586 879 620 tecum
904 579 1041 627 liceat,
1069 577 1284 627 Cerinthe,
1310 578 1471 634 vagari,

435 642 528 697 ipsa
553 656 632 697 ego
657 657 732 697 per
756 652 918 683 montes
944 641 1049 683 retia
1073 648 1181 682 torta
1206 641 1351 691 feram,

378 705 469 760 ipsa
496 720 574 760 ego
601 704 755 746 velocis
781 718 981 758 quaeram
1005 703 1183 759 vestigia
1207 703 1318 745 cervi

436 776 475 809 et
502 768 668 809 demam
694 767 817 808 celeri
843 766 978 808 ferrea
1003 766 1141 807 vincla
1166 766 1269 807 cani.

378 838 477 872 tunc
503 830 618 879 mihi,
644 838 744 871 tunc
769 830 963 885 placeant
989 829 1134 878 silvae,
1160 829 1207 878 si,
1233 829 1307 870 lux
1332 844 1439 878 mea,
1465 836 1603 871 tecum

436 909 589 948 arguar
614 901 709 934 ante
734 893 847 948 ipsas
873 892 1149 934 concubuisse
1175 892 1342 947 plagas:

377 965 476 997 tunc
502 956 642 997 veniat
667 956 763 997 licet
789 956 842 996 ad
869 970 1021 1004 casses,
1046 955 1229 996 inlaesus
1256 954 1400 1003 abibit,

434 1035 486 1060 ne
514 1019 691 1061 Veneris
718 1019 895 1073 cupidae
921 1018 1077 1074 gaudia
1101 1018 1253 1067 turbet,
1281 1033 1393 1072 aper.

377 1098 489 1123 nunc
516 1082 602 1123 sine
629 1097 695 1123 me
722 1082 774 1122 sit
798 1081 914 1122 nulla
938 1082 1099 1130 Venus,
1125 1080 1199 1122 sed
1223 1081 1317 1136 lege
1342 1079 1523 1129 Dianae,

437 1153 550 1186 caste
576 1160 692 1200 puer,
719 1151 834 1186 casta
858 1144 962 1185 retia
987 1152 1113 1199 tange
1138 1159 1285 1185 manu:

379 1218 419 1249 et
444 1222 737 1262 quaecumque
762 1222 855 1249 meo
881 1207 1025 1248 furtim
1051 1207 1239 1262 subrepit
1264 1207 1408 1256 amori,

434 1271 592 1312 incidat
616 1271 659 1311 in
685 1285 832 1312 saevas
859 1270 1092 1326 diripienda
1117 1270 1241 1311 feras.

378 1342 420 1375 at
445 1342 491 1375 tu
516 1333 699 1375 venandi
724 1333 911 1374 studium
937 1333 1120 1374 concede
1145 1332 1321 1388 parenti,

438 1407 477 1439 et
503 1398 613 1439 celer
638 1397 680 1438 in
705 1404 870 1438 nostros
896 1396 985 1452 ipse
1011 1411 1177 1438 recurre
1203 1395 1331 1437 sinus.

969 1629 1028 1671 X.

376 1712 475 1753 Huc
501 1712 600 1753 ades
626 1718 667 1753 et
691 1718 859 1752 tenerae
884 1711 1052 1752 morbos
1079 1710 1241 1765 expelle
1266 1710 1445 1766 puellae,

434 1775 518 1816 huc
544 1775 658 1824 ades,
686 1775 852 1815 intonsa
875 1773 1051 1815 Phoebe
1076 1773 1256 1828 superbe
1282 1788 1414 1814 coma.

376 1838 498 1880 crede
522 1838 638 1886 mihi,
664 1852 861 1892 propera:
887 1851 965 1878 nec
991 1846 1031 1878 te
1056 1837 1152 1885 iam,
1178 1836 1367 1886 Phoebe,
1393 1836 1554 1892 pigebit

433 1901 640 1942 formosae
666 1900 851 1942 medicas
877 1900 1130 1955 applicuisse
1155 1915 1318 1942 manus,

377 1964 498 2006 effice
524 1980 576 2006 ne
602 1964 757 2005 macies
782 1963 987 2019 pallentes
1012 1971 1187 2018 occupet
1213 1970 1341 2012 artus,

431 2042 514 2069 neu
539 2035 654 2069 notet
680 2027 869 2068 informis
896 2028 1071 2068 candida
1096 2026 1285 2067 membra
1310 2025 1436 2075 color,

376 2098 416 2132 et
441 2091 739 2144 quodcumque
766 2090 864 2131 mali
890 2097 951 2131 est
976 2098 1017 2130 et
1043 2089 1247 2143 quidquid
1271 2088 1386 2130 triste
1411 2089 1618 2141 timemus,

433 2154 474 2194 in
500 2154 676 2208 pelagus
702 2153 857 2207 rapidis
884 2152 1034 2194 evehat
1059 2152 1193 2193 amnis
1219 2151 1351 2205 aquis.

376 2224 532 2265 sancte,
559 2216 667 2265 veni,
695 2223 918 2269 tecumque
943 2215 1066 2264 feras,
1092 2214 1346 2268 quicumque
1373 2229 1556 2269 sapores,

432 2280 686 2333 quicumque
713 2286 753 2319 ct
779 2286 924 2319 cantus
950 2292 1124 2333 corpora
1149 2277 1260 2318 fessa
1283 2278 1441 2318 levant:

375 2358 458 2384 neu
482 2342 676 2383 iuvenem
702 2350 863 2395 torque,
890 2341 1038 2382 metuit
1063 2340 1135 2394 qui
1160 2340 1247 2381 fata
1271 2341 1436 2394 puellae

434 2413 616 2459 votaque
642 2419 717 2460 pro
744 2403 912 2444 domina
937 2403 1006 2444 vix
1031 2402 1291 2444 numeranda
1316 2403 1429 2444 facit.

375 2468 585 2510 interdum
611 2475 748 2516 vovet,
773 2466 996 2515 interdum,
1024 2466 1137 2520 quod
1163 2466 1359 2520 langueat
1385 2466 1468 2515 illa,

436 2531 534 2572 dicit
561 2531 602 2571 in
629 2539 821 2572 aeternos
847 2545 995 2584 aspera
1021 2529 1149 2570 verba
1174 2529 1287 2569 dcos.

378 2609 487 2650 ponc
512 2602 684 2642 metum,
712 2593 930 2634 Cerinthe:
958 2592 1061 2633 deus
1087 2606 1168 2632 non
1195 2591 1322 2633 laedit
1348 2599 1547 2634 amantes.

433 2666 478 2700 tu
503 2657 627 2699 modo
654 2671 818 2712 semper
845 2671 955 2698 ama:
982 2656 1096 2697 salva
1121 2654 1262 2710 puella
1287 2654 1361 2696 tibi
1387 2664 1461 2697 est.
