1667 2909
726 130 809 166 113

146 291 297 331 nempe
322 291 439 318 amor
462 276 505 317 in
530 291 661 331 parva
685 283 725 317 te
749 275 867 317 iubet
893 290 984 316 esse
1010 289 1120 316 casa.

90 337 232 381 felices
258 339 370 389 olim,
396 339 551 382 Veneri
577 353 672 380 cum
696 337 829 380 fertur
853 345 996 392 aperte

147 401 300 444 servire
325 409 516 444 aeternos
540 415 625 442 non
650 400 851 455 puduisse
878 400 990 442 deos.

90 463 235 506 fabula
258 479 370 506 nunc
394 464 463 506 ille
489 471 568 505 est:
601 463 675 506 sed
701 463 768 505 cui
793 479 868 505 sua
893 477 993 504 cura
1018 463 1160 518 puella
1184 470 1260 511 est,

146 527 291 569 fabula
315 527 368 569 sit
391 527 550 568 mavult
574 541 702 581 quam
727 526 816 569 sine
841 541 982 568 amore
1008 527 1124 568 deus.

91 598 132 632 at
156 598 215 641 m,
241 591 428 645 quisquis
453 590 488 632 is
514 606 571 640 es,
598 591 666 632 cui
691 590 798 632 tristi
822 590 960 632 fronte
987 589 1156 645 Cupido

146 653 337 709 imperat,
363 660 411 695 ut
433 661 577 695 nostra
602 654 684 695 sint
709 661 783 695 tua
808 661 944 696 castra
969 653 1093 695 domo
1120 686 1130 694 .
1161 685 1170 694 .
1199 684 1207 693 .
1235 685 1245 694 .

90 715 226 758 ferrea
249 731 334 758 non
359 717 570 760 Venerem
596 717 669 758 sed
694 717 897 772 praedam
922 716 1090 758 saecula
1115 714 1308 757 laudant:

146 779 302 835 praeda
326 787 468 821 tamen
492 779 634 821 multis
662 787 723 821 est
747 787 919 835 operata
943 779 1076 821 malis.

90 842 247 897 praeda
270 842 381 884 feras
407 843 516 884 acies
542 842 671 884 cinxit
695 842 958 884 discordibus
984 841 1128 884 armis:

147 905 244 947 hinc
270 920 404 956 cruor,
431 906 528 947 hinc
554 906 704 948 caedes
730 921 841 947 mors
868 906 1120 961 propiorque
1146 904 1273 948 venit.

90 968 248 1023 praeda
272 983 380 1024 vago
405 969 526 1010 iussit
551 969 765 1025 geminare
790 969 978 1024 pericula
1003 976 1145 1024 ponto,

147 1031 299 1073 bellica
323 1046 420 1073 cum
445 1032 583 1073 dubiis
609 1041 744 1073 rostra
770 1032 883 1074 dedit
907 1031 1080 1074 ratibus.

90 1094 314 1149 praedator
338 1093 453 1149 cupit
478 1094 704 1136 immensos
730 1094 923 1136 obsidere
949 1109 1136 1149 campos,

147 1164 194 1197 ut
217 1154 350 1198 multa
373 1156 594 1198 innumera
617 1157 766 1212 iugera
789 1164 935 1212 pascat
964 1172 1060 1199 ove:

92 1218 159 1260 cui
183 1218 288 1274 lapis
314 1226 510 1260 externus
538 1234 662 1261 curae
688 1226 764 1269 est,
790 1219 992 1273 urbisque
1017 1218 1200 1260 tumultu

146 1288 337 1336 portatur
361 1281 510 1322 validis
535 1280 648 1323 mille
674 1281 869 1323 columna
893 1281 1017 1336 iugis,

91 1343 248 1385 claudit
273 1351 313 1385 et
337 1343 588 1385 indomitum
612 1344 743 1385 moles
769 1359 897 1394 mare,
922 1344 1060 1386 lentus
1086 1351 1133 1386 ut
1156 1343 1266 1385 intra

147 1406 347 1461 neglegat
373 1406 569 1448 hibernas
594 1406 720 1462 piscis
746 1407 893 1449 adesse
918 1407 1066 1448 minas.

91 1476 133 1510 at
156 1469 261 1510 mihi
285 1469 396 1510 laeta
419 1469 588 1511 trahant
614 1469 784 1512 Samiae
810 1470 1003 1512 convivia
1027 1477 1159 1512 testae

146 1532 326 1586 fictaque
353 1531 547 1574 Cumana
570 1532 732 1574 lubrica
757 1541 868 1574 terra
892 1541 995 1575 rota.

91 1594 174 1637 heu
199 1594 282 1637 heu
307 1595 507 1637 divitibus
532 1596 654 1638 video
680 1597 865 1651 gaudere
890 1597 1072 1652 puellas:

146 1658 231 1699 iam
255 1658 425 1700 veniant
449 1659 645 1714 praedae,
673 1660 707 1700 si
733 1661 880 1703 Venus
905 1667 1023 1716 optat
1047 1674 1167 1716 opes:

90 1728 137 1762 ut
160 1736 254 1763 mea
278 1721 444 1763 luxuria
468 1722 661 1764 Nemesis
687 1722 789 1764 fluat
812 1730 943 1776 utque
968 1738 1043 1778 per
1066 1723 1213 1764 urbem

147 1784 313 1826 incedat
339 1784 457 1825 donis
483 1784 781 1840 conspicienda
806 1785 922 1827 meis.

91 1847 162 1888 illa
185 1854 305 1902 gerat
330 1855 467 1889 vestes
493 1855 654 1897 tenues,
680 1862 785 1902 quas
810 1848 967 1890 femina
995 1847 1086 1890 Coa

147 1909 294 1959 texuit,
321 1918 487 1951 auratas
513 1910 803 1966 disposuitque
828 1912 936 1953 vias:

91 1972 150 2014 illi
174 1973 253 2014 sint
280 1973 451 2014 comites
477 1973 598 2023 fusci,
623 1988 728 2028 quos
754 1974 877 2016 India
902 1981 1042 2024 torret,

150 2035 248 2077 solis
275 2043 314 2077 et
340 2035 518 2077 admotis
543 2036 672 2078 inficit
698 2037 806 2092 ignis
833 2037 969 2091 equis:

91 2098 151 2140 illi
175 2099 351 2140 selectos
378 2106 536 2140 certent
560 2100 763 2154 praebere
789 2100 947 2142 colores

150 2160 298 2202 Africa
322 2161 547 2216 puniceum
572 2177 915 2217 purpureumque
940 2162 1089 2218 Tyros.

91 2240 196 2265 vana
221 2224 389 2278 loquor:
415 2239 593 2280 regnum
618 2227 687 2266 ille
711 2233 836 2274 tenet,
863 2240 990 2280 quem
1016 2241 1141 2282 saepe
1168 2226 1306 2281 coegit

148 2287 328 2328 barbara
352 2295 553 2343 gypsatos
579 2288 688 2330 ferre
714 2296 873 2330 catasta
897 2289 1038 2344 pedes

93 2357 135 2391 at
158 2349 233 2390 tibi
259 2349 365 2391 dura
390 2365 523 2406 seges,
549 2350 764 2393 Nemesim
790 2352 862 2406 qui
887 2352 1061 2394 abducis
1087 2352 1140 2393 ab
1166 2352 1282 2401 urbe,

150 2413 357 2467 persolvat
381 2414 497 2455 nulla
522 2414 682 2456 semina
707 2424 812 2456 certa
836 2415 930 2456 fide.

95 2483 133 2516 et
158 2483 217 2524 tu,
242 2475 410 2518 Bacche
435 2485 564 2527 tener,
590 2478 798 2519 iucundae
824 2477 1006 2519 consitor
1031 2493 1152 2528 uvae,

149 2545 196 2579 tu
220 2552 388 2592 quoque
414 2540 599 2590 devotos,
625 2541 806 2590 Bacche,
833 2541 1021 2594 relinque
1045 2541 1174 2582 lacus.

94 2600 209 2642 haud
234 2601 406 2655 impune
430 2602 527 2644 licet
552 2603 756 2645 formosas
782 2603 969 2644 tristibus
995 2604 1106 2659 agris

153 2663 324 2706 abdere:
350 2679 433 2706 non
458 2666 561 2707 tanti
587 2674 683 2707 sunt
707 2674 780 2708 tua
804 2673 952 2716 musta,
979 2674 1109 2721 pater.

1392 117 1446 160 29

89 211 223 255 Delos
247 211 320 254 ubi
344 227 468 262 nunc,
492 212 680 261 Phoebe,
706 220 779 254 tua
802 218 876 262 est,
903 211 975 253 ubi
999 210 1208 266 Delphica
1232 210 1396 266 Pytho?

1475 403 1518 436 30

1478 1033 1523 1068 40

1478 1350 1524 1385 45

1479 1672 1524 1707 50

1479 1984 1524 2019 55

1479 2295 1524 2330 60
