1667 2909
742 197 807 234 14

98 289 140 323 at
163 281 198 324 si
223 282 366 324 tardus
391 283 484 331 eris,
511 281 686 323 errabis:
711 280 882 322 transiet
909 286 1022 322 aetas

154 359 281 398 quam
307 345 406 386 cito:
432 359 517 386 non
541 344 680 398 segnis
705 351 787 384 stat
810 350 1051 396 remeatque
1076 340 1178 383 dies.

98 421 225 462 quam
250 408 331 449 cito
356 421 588 463 purpureos
615 405 803 461 deperdit
829 413 938 447 terra
963 406 1135 454 colores,

155 485 282 524 quam
307 470 387 512 cito
412 469 615 511 formosas
641 469 823 524 populus
848 469 944 510 alba
970 483 1123 510 comas.

99 547 224 588 quam
248 533 367 581 iacet,
391 532 581 574 infirmae
605 547 756 574 venere
781 532 855 573 ubi
879 531 967 573 fata
992 538 1197 579 senectae,

155 595 363 651 qui-prior
386 595 492 638 Eleo
518 602 580 637 est
605 609 769 637 carcere
794 595 946 636 missus
973 609 1118 648 equus.

99 658 184 700 vidi
208 658 291 700 iam
315 659 524 709 iuvenem,
550 666 757 714 premeret
782 673 878 700 cum
904 658 1034 699 serior
1059 664 1188 706 aetas,

154 729 409 764 maerentem
434 723 581 764 stultos
606 722 868 778 praeteriisse
894 722 995 763 dies.

99 785 290 827 crudeles
314 785 420 827 divi!
446 801 616 841 serpens
641 800 775 826 novus
801 785 914 827 exuit
941 799 1089 826 annos:

154 847 314 890 formae
337 863 421 890 non
445 849 575 890 ullam
599 848 687 889 fata
711 848 864 890 dedere
888 863 1062 889 moram.

99 910 197 953 solis
221 919 391 953 aeterna
415 919 478 954 est
502 911 672 953 Baccho
696 911 957 965 Phoeboque
981 911 1192 952 iuventas:

154 989 252 1015 nam
277 974 395 1016 decet
419 974 610 1016 intonsus
636 974 760 1016 crinis
785 982 1011 1028 utrumque
1036 973 1175 1015 deum.

99 1041 158 1087 tu,
181 1051 312 1092 puero
336 1038 631 1092 quodcumque
655 1046 727 1079 tuo
753 1044 958 1093 temptare
982 1036 1142 1086 libebit,

156 1100 297 1142 cedas:
324 1101 525 1156 obsequio
549 1101 730 1156 plurima
754 1101 883 1142 vincit
909 1114 1035 1141 amor.

98 1178 183 1205 neu
207 1178 345 1206 comes
369 1164 429 1205 ire
453 1179 596 1220 neges,
622 1163 813 1219 quamvis
839 1164 907 1205 via
931 1164 1059 1219 longa
1083 1170 1250 1219 paretur

157 1233 198 1268 et
222 1227 336 1269 canis
361 1227 493 1269 arenti
517 1235 672 1269 torreat
696 1242 797 1269 arva
823 1227 902 1276 siti,

99 1290 290 1344 quamvis
314 1298 561 1346 praetexens
581 1292 697 1346 picea
722 1291 935 1345 ferrugine
961 1290 1122 1332 caelum

156 1361 375 1395 venturam
400 1356 587 1396 admittat
610 1354 771 1409 nubifer
795 1369 909 1395 eurus
936 1368 1102 1408 aquam.

100 1415 166 1458 vel
192 1416 226 1458 si
250 1416 462 1461 caeruleas
487 1416 620 1472 puppi
644 1416 757 1458 volet
781 1417 841 1458 ire
865 1431 939 1472 per
964 1416 1114 1465 undas,

155 1478 245 1535 ipse
269 1480 405 1522 levem
429 1495 543 1522 remo
567 1495 642 1535 per
666 1480 772 1522 freta
796 1480 905 1535 pelle
930 1487 1074 1522 ratem.

100 1557 177 1585 nec
201 1550 241 1585 te
266 1542 477 1599 paeniteat
501 1543 626 1585 duros
652 1543 829 1585 subiisse
855 1543 1019 1585 labores

158 1613 230 1647 aut
253 1620 380 1661 opera
403 1606 586 1648 insuetas
613 1606 831 1648 atteruisse
856 1622 1019 1656 manUS,

101 1684 191 1720 nec,
217 1670 317 1712 velit
340 1670 498 1711 insidiis
524 1671 629 1711 altas
654 1670 688 1711 si
714 1670 907 1711 claudere
932 1669 1074 1718 valles,

158 1733 259 1774 dum
283 1733 463 1788 placeas,
495 1733 627 1774 umeri
652 1733 756 1775 retia
781 1733 889 1775 ferre
913 1740 1078 1787 negent.

102 1796 136 1838 si
160 1796 271 1838 volet
295 1811 423 1846 arma,
449 1796 531 1838 levi
555 1796 778 1851 temptabis
803 1796 947 1837 ludere
973 1795 1137 1836 dextra:

158 1874 283 1915 saepe
307 1859 426 1901 dabis
450 1859 624 1909 nudum,
649 1860 788 1901 vincat
813 1867 859 1900 ut
882 1859 965 1908 ille,
990 1859 1111 1899 latus.

101 1930 192 1965 tum
215 1922 290 1964 tibi
313 1922 424 1964 mitis
448 1922 537 1972 erit,
561 1922 699 1978 rapias
724 1931 813 1964 tum
840 1937 935 1964 cara
958 1921 1100 1963 licebit

159 1986 319 2028 oscula:
349 1986 568 2041 pugnabit,
595 1986 669 2027 sed
692 1994 832 2027 tamen
857 1994 953 2041 apta
978 1985 1104 2026 dabit.

102 2057 221 2105 rapta
246 2048 361 2090 dabit
384 2049 532 2104 primo,
556 2063 655 2090 mox
680 2048 827 2090 offeret
852 2048 942 2104 ipse
966 2047 1144 2103 roganti,

159 2118 253 2168 post
277 2111 401 2153 etiam
427 2111 532 2153 collo
558 2127 601 2154 se
626 2111 881 2167 implicuisse
908 2111 1018 2152 velit.

103 2174 186 2217 heu
209 2174 318 2216 male
341 2189 453 2216 nunc
478 2182 586 2216 artes
611 2174 783 2216 miseras
808 2174 912 2215 haec
937 2174 1104 2215 saecula
1128 2181 1324 2214 tractant:

158 2237 242 2279 iam
266 2245 383 2279 tener
408 2237 599 2279 adsuevit
624 2252 798 2279 munera
821 2237 927 2278 velle
952 2252 1066 2292 puer.

105 2307 146 2342 at
175 2307 234 2349 tu,
260 2300 332 2354 qui
356 2301 565 2343 Venerem
595 2300 771 2341 docuisti
796 2299 976 2341 vendere
1002 2299 1174 2355 primus,

161 2363 349 2416 quisquis
374 2378 431 2413 es,
455 2362 601 2404 infelix
626 2371 774 2418 urgeat
800 2378 895 2404 ossa
919 2363 1036 2417 lapis.

105 2425 309 2475 Pieridas,
334 2426 466 2481 pueri,
492 2426 635 2467 doctos
662 2435 701 2467 et
727 2434 862 2467 amate
887 2434 1046 2480 poetas,

162 2502 288 2529 aurea
310 2503 388 2530 nec
412 2496 608 2544 superent
631 2503 806 2530 munera
830 2488 1032 2530 Pieridas.

106 2550 287 2592 carmine
310 2565 520 2607 purpurea
545 2559 604 2593 est
630 2550 722 2592 Nisi
747 2566 883 2592 coma:
910 2551 1093 2592 carmina
1117 2551 1159 2591 ni
1185 2550 1285 2599 sint,

163 2628 214 2655 ex
239 2627 382 2654 umero
406 2613 575 2669 Pelopis
599 2628 682 2655 non
707 2614 897 2654 nituisset
923 2613 1038 2655 ebur.

106 2690 231 2731 quem
255 2675 435 2717 referent
462 2676 627 2726 Musae,
654 2676 779 2725 vivet,
807 2676 906 2716 dum
930 2676 1081 2717 robora
1106 2676 1241 2721 tellus,

162 2739 261 2781 dum
288 2738 447 2781 caelum
475 2738 625 2787 stellas,
653 2738 752 2779 dum
778 2738 899 2780 vehet
924 2739 1056 2780 amnis
1082 2753 1225 2792 aquas.

1400 186 1449 228 11

1478 481 1523 516 30

1478 1113 1524 1149 40

1480 1426 1525 1461 45

1482 1749 1526 1784 50

1483 2383 1527 2417 60

1481 2680 1526 2715 65
