1715 2844
196 149 246 177 VI

194 225 368 259 lectiones
396 223 610 271 fragmenti,
640 235 735 269 quae
758 225 904 270 quidem

193 270 446 306 memorabiles
461 270 494 305 ei
506 270 606 305 visae
621 271 904 315 sunt,transtulit

193 317 232 350 in
255 317 440 362 exemplar
463 316 632 351 editionis
649 317 903 351 Plautinianae

194 364 240 403 (a.
261 362 360 401 1569)
385 362 482 406 quod
504 373 599 396 nunc
620 362 659 396 in
682 362 903 397 bibliotheca

193 407 368 441 Leidensi
390 408 486 441 inter
508 408 620 441 libros
638 407 832 452 Lipsianos
854 410 901 450 (n.

193 454 250 496 59)
267 453 395 488 haberi
412 453 667 487 animadvertit
678 453 901 488 Francken9.

192 498 247 532 Ex
279 499 348 532 hoc
381 499 579 543 exemplari
611 510 750 533 summa
782 510 902 533 eorum

193 543 257 588 qui
273 544 519 578 bibliothecae
536 544 709 579 Leidensi
732 549 903 590 praesunt

191 590 415 624 liberalitate
434 601 464 623 a.
484 590 571 624 1873
588 590 678 624 mihi
693 590 903 624 transmisso

194 634 372 680 Scaliger-i
417 636 669 670 adnotationes
715 636 900 681 descripsi.

192 681 341 715 Maximi
364 681 535 715 momenti
560 692 637 716 esse
661 685 697 716 et
720 686 901 726 excerpto-

192 738 271 760 rum
307 726 595 772 Frisingensium
633 730 670 761 et
706 727 903 773 fragmenti

193 772 381 806 Cuiaciani
414 772 611 817 scripturas
649 773 744 807 inter
781 783 903 807 omnes

193 821 344 852 constat.
395 817 564 852 Ceterum
587 818 618 851 si
642 819 722 863 quis
746 818 901 863 suspice·

190 867 260 907 tur,
291 863 452 898 codicem
475 863 503 897 F
529 864 729 898 derivatum
759 875 837 898 esse
861 874 903 897 ex

192 919 235 943 eo
263 909 374 952 libro,
404 920 474 954 quo
502 912 629 943 auctor
656 914 903 955 excerptorum

190 955 479 1000 Frisingensium
492 966 578 989 usus
592 958 656 999 est,
674 955 765 990 haec
782 955 902 1000 opinio

191 1000 305 1035 firmis
334 1000 558 1045 argumentis
591 1012 708 1045 neque
741 1011 901 1046 compro-

192 1046 273 1081 bari
290 1047 405 1091 possit
422 1057 538 1091 neque
556 1046 729 1092 redargui
739 1047 777 1081 ¹0.

235 1092 279 1126 In
297 1092 508 1126 adornanda
524 1092 593 1126 hac
611 1092 768 1126 editione
784 1092 823 1126 id
840 1102 901 1137 po-

191 1137 369 1171 tissimum
391 1137 462 1183 egi,
485 1140 526 1171 ut
548 1148 571 1172 a
592 1138 727 1172 tradita
748 1138 901 1172 lectione

192 1183 422 1217 coniecturae
450 1183 691 1217 recentiorum
718 1183 902 1218 hominum

191 1229 385 1274 perspicue
406 1229 724 1274 distinguerentur.
774 1229 902 1274 Itaque

191 1275 388 1319 scripturas
420 1274 593 1308 librorum
626 1275 696 1309 AV
728 1279 802 1318 aut,
840 1274 902 1309 ubi

190 1324 336 1365 praesto
354 1324 447 1363 sunt,
471 1320 574 1353 PMF
591 1320 636 1354 iis
658 1324 798 1354 tantum
815 1320 903 1355 locis

191 1365 340 1409 mutavi,
365 1377 453 1410 quos
477 1366 693 1411 depravatos
716 1376 793 1400 esse
822 1377 901 1411 per-

192 1423 337 1446 suasum
369 1412 504 1445 habeo:
545 1413 747 1456 complures
782 1416 901 1446 autem

193 1458 476 1499 emendationes,
505 1467 595 1500 quas
624 1469 793 1502 magnam
822 1469 900 1502 pro-

192 1502 420 1537 babilitatem
433 1503 568 1536 habere
583 1502 728 1537 minime
742 1514 847 1548 nego,
865 1503 901 1536 in

192 1548 425 1582 adnotatione
444 1548 605 1582 indicare
623 1559 731 1592 quam
753 1549 790 1581 in
808 1548 900 1582 ordi-

192 1605 273 1628 nem
291 1595 483 1628 verborum
500 1594 662 1638 recipere
677 1593 796 1628 malui.
824 1594 900 1627 Mu-

191 1639 347 1673 tationes
372 1640 452 1684 plus
477 1639 638 1673 minusve
667 1639 828 1673 incertae
848 1639 899 1673 in-

192 1685 334 1719 clinatis
352 1685 482 1718 litteris
500 1684 727 1730 significatae
746 1689 836 1718 sunt.

238 1731 280 1764 In
313 1730 545 1764 adnotatione
580 1730 706 1765 critica
746 1731 900 1765 indicem

193 1787 315 1810 eorum
340 1777 495 1810 locorum
517 1777 686 1821 proposui
711 1776 773 1810 ubi
799 1787 820 1810 a
844 1787 899 1810 co-

193 1823 272 1856 diee
297 1823 331 1856 A
353 1822 595 1856 recedendum
624 1822 711 1855 mihi
734 1821 821 1865 fuit,
850 1822 901 1855 ita

191 1871 313 1901 tamen
328 1871 367 1901 ut
380 1879 497 1912 neque
511 1867 793 1913 orthographica
807 1878 899 1901 com-

192 1924 427 1947 memorarem
450 1924 567 1957 neque
591 1913 772 1947 levissima
791 1924 898 1957 quac-

192 1960 275 1993 ‹lam
299 1959 397 1993 vitia.
447 1958 549 1999 Quae
567 1963 687 1992 autem
706 1970 748 1993 ex
765 1959 799 1992 A
817 1969 898 1993 eno-

190 2005 283 2048 tavi,
315 2016 357 2038 ea
386 2004 439 2038 ita
467 2016 505 2038 se
536 2005 671 2038 habere
700 2005 779 2049 ipse
807 2004 898 2038 vidi:

192 2061 275 2084 nam
303 2050 464 2083 codicem
494 2062 515 2083 a
540 2049 762 2084 Baehrensio
792 2050 897 2084 colla-

191 2100 266 2129 tum
285 2106 352 2141 ego
368 2095 567 2129 Mediolani
585 2106 679 2129 anno
695 2095 794 2137 1884,
813 2107 897 2140 qua—

191 2146 295 2175 tenus
318 2141 561 2175 necessarium
585 2142 673 2174 mihi
696 2141 898 2185 videbatur,

191 2188 309 2221 denuo
334 2186 554 2228 examinavi,
580 2197 697 2238 neque
722 2199 764 2221 ea
788 2198 899 2231 opera

190 2233 329 2266 inutilis
357 2232 471 2265 fuitssl
520 2231 665 2265 Codicis
695 2232 727 2266 V
754 2244 898 2266 manum

191 2279 343 2323 primam
362 2277 579 2321 ubicumque
597 2289 667 2311 non
686 2288 897 2311 commemo-

191 2324 267 2358 ravi
286 2327 347 2357 aut
366 2334 564 2367 congr-[ww
579 2334 657 2356 cnm
672 2324 705 2356 A
719 2327 781 2357 aut
796 2334 897 2368 aper-

190 2373 246 2403 tos
261 2380 397 2403 errores
412 2370 467 2401 vol
484 2368 778 2413 intra-polationcs
795 2380 897 2413 prac-

191 2415 276 2449 bere
310 2414 496 2448 sciendum
526 2419 589 2448 est.
640 2413 896 2459 Excerptorum

240 2497 256 2519 9
277 2495 369 2519 vend.
385 2503 419 2519 en
435 2495 549 2520 medad.
566 2496 596 2520 10
610 2503 636 2526 p.
650 2497 682 2519 :3:ss
696 2504 756 2526 sqq.

226 2532 256 2554 lo
276 2530 314 2552 lll
335 2532 359 2553 12.
381 2531 410 2553 -Η
433 2530 493 2553 (nos
513 2530 548 2553 aul
569 2537 698 2554 errorem
720 2530 833 2554 librarii
854 2536 897 2553 co-

191 2564 265 2587 dicis
282 2565 310 2590 Γ,
329 2564 365 2586 lll
381 2565 404 2593 εἰ,
420 2565 452 2587 tm
472 2570 550 2587 strom
571 2564 607 2587 :ul
628 2571 757 2588 errorem
772 2564 834 2588 eius
848 2564 896 2594 qni

191 2600 327 2628 excerpta
343 2599 507 2627 comp->suit
521 2597 630 2621 referre
646 2598 722 2621 licet.

226 2634 250 2655 11
276 2632 433 2662 Superiora:
459 2638 537 2655 anno
557 2631 721 2662 complures
741 2631 852 2656 codicis
874 2631 896 2655 A

189 2666 363 2696 scripturas,
390 2665 426 2689 de
445 2666 550 2696 quibus
573 2665 759 2694 dubitabam„
788 2666 895 2694 insigni

190 2700 328 2726 comitate
343 2699 414 2724 mihi
429 2703 616 2731 excerpserat
630 2700 774 2725 nem-icus
783 2701 895 2731 Mengc.

803 152 1029 180 PRAEFATIO

932 228 970 260 et
990 224 1189 271 fragmenti
1209 223 1397 261 Cuiaeiani
1417 226 1638 261 mentionem

930 270 1002 305 feci
1024 281 1096 305 non
1119 271 1235 306 solum
1255 271 1319 306 ubi
1341 271 1431 306 mihi
1446 272 1511 307 sed
1527 273 1637 306 etiam

930 316 993 350 ubi
1017 316 1100 351 aliis
1121 327 1208 352 vera
1229 320 1415 362 praestare
1437 317 1516 352 visa
1542 320 1636 353 sunt.

931 362 1130 397 Praeterea
1157 363 1382 397 coniecturas
1402 365 1486 408 post
1507 362 1636 397 editio-

930 418 1011 441 nem
1024 407 1265 452 Lachmanni,
1279 407 1342 453 qui
1354 408 1492 454 primus
1505 408 1636 442 certius

930 453 1148 488 recensionis
1186 454 1462 488 fundamentum
1503 453 1635 499 posuit,

931 499 1089 543 prolatas
1119 499 1274 544 apposui
1302 510 1547 546 quascumque
1573 509 1635 533 no-

930 545 982 587 vi,
1001 544 1160 590 exceptis
1179 549 1302 579 tamen
1318 544 1502 591 plerisque
1519 544 1636 579 Baeh-

930 589 1039 623 rensii
1063 590 1297 625 coniecturis:
1326 600 1399 625 non
1421 600 1494 634 quo
1514 589 1636 624 multis

931 646 1054 669 earum
1087 646 1177 680 quas
1208 635 1315 670 attuli
1346 636 1636 670 Baehrensianas

930 681 1037 727 longe
1066 684 1252 726 praestare
1281 692 1429 728 negem,
1458 681 1523 716 sed
1551 680 1636 725 quia

930 726 998 760 hae
1027 726 1135 760 facile
1165 738 1207 761 ex
1235 726 1450 761 Baehrensii
1478 726 1636 761 editione

930 772 1005 816 peti
1027 776 1188 817 possunt,
1213 775 1354 807 ceterae
1375 773 1414 806 in
1437 771 1636 817 ephemeri-

930 817 1036 851 dibus
1054 817 1234 862 variisque
1251 818 1434 863 opusculis
1450 818 1636 863 dispersae

931 867 1022 896 sunt.
1072 863 1327 907 Antiquior-um
1351 863 1637 898 coniecturarum

930 908 1069 942 institui
1098 909 1289 943 delectum.
1345 908 1498 944 Codices
1526 908 1635 942 inter-

930 954 1070 998 polatos
1087 954 1301 999 plerumque
1314 954 1528 1000 compendio
1542 968 1560 991 ς
1573 964 1635 987 no-

929 999 1014 1033 tavi.
1061 999 1243 1034 Peculiari
1259 1003 1381 1034 tamen
1396 1004 1482 1034 nota
1499 998 1635 1045 signifi-

930 1044 1009 1079 cavi
1033 1045 1169 1079 eodicis
1186 1045 1468 1091 Guelferbytani
1490 1056 1636 1079 manum

928 1090 1082 1135 primam
1111 1094 1149 1137 (g
1177 1108 1219 1119 =
1250 1090 1284 1126 G
1313 1091 1410 1137 apud
1438 1091 1586 1134 Baehr.)
1614 1101 1637 1124 a

929 1136 1150 1170 Baehrensio
1162 1137 1287 1182 magni
1299 1137 1539 1180 aestimatam,
1547 1147 1635 1181 pau-

930 1181 1053 1226 cisque
1075 1182 1162 1216 locis
1184 1182 1395 1216 nominatim
1423 1192 1635 1217 commemo-

929 1228 1005 1261 ravi
1023 1227 1133 1261 etiam
1146 1227 1412 1262 Eboraeensem
1425 1230 1463 1273 (y
1474 1242 1517 1253 =
1526 1227 1562 1261 A
1574 1238 1633 1272 ap.

930 1272 1094 1315 Lachm.)
1134 1277 1170 1308 ct
1208 1273 1425 1308 Wittianum
1457 1275 1501 1316 (c)
1541 1269 1636 1307 nune

930 1318 1138 1363 deperditos
1183 1319 1344 1363 duosque
1384 1319 1636 1353 Berolinenses

929 1365 965 1405 (d
983 1368 1027 1407 e),
1051 1374 1142 1408 quos
1166 1365 1309 1399 codices
1331 1364 1499 1399 adhibuit
1519 1363 1635 1398 Lach-

929 1411 1126 1443 mannus.12
1173 1411 1309 1445 Cavere
1334 1410 1430 1445 enim
1452 1409 1561 1453 volui,
1589 1419 1634 1444 ne

929 1455 1131 1500 generatim
1153 1456 1201 1489 ad
1221 1455 1395 1490 Italorum
1409 1455 1635 1490 coniecturas

930 1501 1038 1534 etiam
1062 1512 1105 1535 ea
1127 1501 1360 1545 referrentur,
1389 1512 1482 1546 quae
1505 1511 1527 1534 a
1549 1500 1634 1534 viris

930 1547 1043 1580 doctis
1086 1546 1123 1580 in
1171 1546 1404 1581 aestimandis
1447 1546 1634 1581 codicibus

929 1591 1148 1625 Tibullianis
1181 1602 1203 1626 a
1240 1603 1297 1627 mc
1336 1591 1634 1626 dissentient-ibus

929 1637 1100 1682 antiquae
1138 1637 1332 1672 memoriae
1377 1637 1630 1671 attribuuntur.

929 1682 1080 1728 Georgii
1095 1682 1238 1717 Goetzii
1255 1683 1480 1718 humanitate
1497 1683 1634 1717 factum

929 1732 1041 1771 cst,ut
1054 1728 1245 1763 collatione
1254 1728 1389 1763 codicis
1402 1740 1428 1775 g
1441 1740 1463 1762 a
1471 1727 1634 1763 Gustavo

929 1773 1091 1816 Locwio,
1121 1774 1221 1808 cuius
1248 1778 1514 1819 praematuram
1542 1784 1634 1808 mor-

927 1824 999 1853 tem
1028 1820 1208 1872 lugemus,
1238 1819 1507 1854 accuratissime
1533 1819 1634 1854 facta

927 1865 979 1899 uti
998 1865 1085 1899 milu
1103 1865 1237 1900 liceret.

972 1910 1199 1945 'l'estimonia
1221 1911 1269 1945 ad
1293 1910 1430 1945 Tibulli
1458 1910 1568 1944 vitam
1597 1913 1634 1945 et.

927 1956 1053 2002 poesin
1082 1957 1284 2002 spectantia
1311 1956 1407 2001 quod
1436 1966 1478 1990 ex
1506 1956 1634 2009 Vulpii

928 2002 1084 2037 editione
1102 2002 1301 2047 repetenda
1314 2002 1447 2044 curavi,
1464 2001 1562 2035 haud
1579 2013 1632 2036 in-

926 2052 1069 2093 gratum
1111 2059 1188 2082 csse
1231 2047 1276 2081 iis
1315 2046 1539 2093 potissimum
1576 2058 1632 2082 ar-

929 2094 1056 2136 bitror,
1091 2094 1152 2138 qui
1182 2092 1313 2127 scholis
1340 2092 1557 2127 academicis
1585 2093 1632 2127 de

927 2139 1073 2173 Tibullo
1111 2138 1259 2184 eiusque
1303 2138 1522 2173 carminibus
1560 2138 1631 2173 dis-

927 2188 1066 2230 putant.

970 2230 1098 2264 Restat
1119 2232 1159 2263 ut
1182 2240 1243 2263 eas
1267 2228 1443 2263 editiones
1462 2229 1631 2265 disserta-

926 2276 1131 2319 tioncsque,
1163 2286 1314 2320 quarum
1337 2275 1374 2308 in
1398 2275 1631 2310 adnotatione

926 2321 1050 2355 critica
1061 2320 1204 2365 saepius
1214 2319 1347 2355 mentio
1356 2319 1407 2364 fit,
1416 2331 1630 2356 enumerem.

926 2411 1062 2446 Tibulli
1083 2411 1278 2457 elegiarum
1297 2411 1380 2445 libri
1399 2411 1480 2446 duo.
1515 2411 1631 2446 Acce«

972 2458 1059 2491 dunt
1070 2456 1417 2491 Pseudotibulliana.
1429 2457 1514 2492 Ree.
1524 2457 1628 2491 Aem.

969 2502 1203 2536 Baehrens.
1238 2501 1458 2547 Lips.1878.

960 2598 990 2621 12
1011 2596 1149 2620 (lodicum
1164 2595 1330 2620 Parisinum
1347 2593 1396 2627 (B)
1414 2596 1480 2627 post
1496 2595 1629 2626 repertos

924 2631 1013 2655 libros
1028 2631 1050 2654 Α
1066 2633 1094 2653 ct
1115 2631 1138 2655 V
1159 2630 1267 2654 nullius
1287 2631 1430 2655 momenti
1449 2636 1512 2655 esse
1530 2635 1628 2660 nemo,

924 2665 996 2722 nis'i‘⁹
1010 2664 1118 2731 gignor,
1157 2671 1235 2689 nunc
1265 2666 1367 2695 negat:
1403 2663 1440 2690 cf.
1472 2663 1630 2690 Rothstcin

923 2707 950 2731 p.
965 2707 987 2724 υ.
1046 2716 1052 2722 .

1704 2090 1711 2172 m„
1706 2043 1712 2079 *⁴*—
