1715 2844
275 119 327 161 18
891 126 1010 162 17.8

270 210 354 252 huc
378 209 478 251 ades
503 217 544 251 et
566 211 726 265 yenium
751 209 848 250 ludo
874 208 1131 264 geniumque
1155 208 1316 250 choreis

202 277 247 313 50
327 273 574 315 concelebra
599 279 640 315 et
665 273 795 314 multo
822 279 1011 327 tempora
1035 272 1164 313 funde
1189 286 1324 313 mero:

270 336 381 378 illius
407 344 447 378 et
471 336 602 378 nitido
628 335 783 377 stillent
807 342 1026 390 unguenta
1051 335 1217 390 capillo,

329 407 371 442 et
396 399 530 455 capite
556 406 596 440 et
621 399 727 440 collo
753 398 894 439 mollia
918 405 1028 440 serta
1052 405 1181 453 gerat.

271 463 331 504 sic
355 463 497 504 venias
523 461 741 503 hodierne:
767 460 843 502 tibi
869 460 964 502 dem
989 461 1091 501 turis
1117 461 1310 510 honores,

326 525 413 567 liba
437 531 478 567 et
502 524 728 579 Mopsopio
755 523 894 565 dulcia
917 523 1041 565 melle
1066 523 1211 564 feram.

203 593 247 629 55
272 595 314 630 at
339 588 415 629 tibi
440 595 676 629 succrescat
699 586 850 642 proles,
876 601 984 640 quae
1009 586 1121 627 facta
1144 585 1328 641 parentis

329 658 483 707 augeat
507 658 548 693 et
573 650 684 692 circa
709 656 790 691 stet
814 649 1055 691 veneranda
1079 664 1234 690 senem.

271 730 350 757 1100
374 721 511 756 taceat
537 720 809 755 monumenta
833 712 939 762 viae,
964 726 1090 766 quem
1114 711 1300 753 Tuscula
1324 711 1447 753 tellus

330 777 592 831 candidaque
618 776 790 830 antiquo
816 775 973 817 detinet
997 775 1112 816 Alba
1136 775 1233 816 lare.

272 856 454 895 namque
479 840 630 896 opibus
656 845 855 895 congesta
879 839 960 880 tuis
986 838 1053 879 hic
1078 838 1222 893 glarea
1247 837 1351 879 dura,

204 909 248 943 60
329 904 539 953 sternitur,
566 903 633 944 hie
658 909 756 958 apta
779 902 966 958 iungitur
990 908 1078 942 arte
1104 901 1220 942 silex.

271 975 312 1010 te
337 968 448 1010 canit
474 966 670 1023 agricola,
695 981 850 1021 magna
875 980 970 1007 cum
995 964 1155 1006 venerit
1180 963 1283 1005 urbe

329 1047 460 1080 serus,
486 1029 738 1071 inoffensum
764 1028 1052 1082 rettuleritque
1076 1027 1238 1082 pedem.

272 1102 315 1137 at
339 1103 398 1145 tu,
424 1094 574 1135 natalis
600 1093 754 1134 multos
780 1092 1029 1134 celebrande
1054 1105 1128 1146 per
1151 1105 1297 1140 annos,

330 1157 545 1201 candidior
569 1171 734 1212 semper
759 1155 1058 1209 candidiorque
1083 1154 1192 1196 veni.

893 1389 1020 1432 VIII.

273 1473 371 1515 Non
397 1486 476 1528 ego
503 1470 629 1514 celari
653 1485 838 1527 possum,
863 1469 966 1524 quid
990 1475 1118 1511 nutus
1143 1467 1320 1510 amantis

330 1535 484 1591 quidve
510 1535 645 1576 ferant
670 1534 759 1575 miti
784 1533 895 1575 lenia
919 1533 1048 1574 verba
1073 1546 1188 1573 sono.

272 1614 351 1642 nec
376 1598 478 1640 mihi
503 1605 600 1639 sunt
626 1604 756 1639 sortes
782 1611 860 1638 nec
885 1595 1052 1637 conscia
1075 1595 1182 1636 fibra
1206 1594 1394 1643 deorum,

330 1661 534 1718 praecinit
558 1667 732 1703 eventus
758 1674 836 1701 nec
860 1658 962 1700 mihi
988 1664 1134 1700 cantus
1160 1657 1267 1699 avis:

228 1735 250 1769 5
273 1726 365 1782 ipsa
388 1726 536 1768 Venus
561 1723 726 1779 magico
752 1722 975 1778 religatum
1000 1720 1197 1762 bracchia
1220 1719 1332 1762 nodo

332 1787 551 1845 perdocuit
576 1786 716 1828 multis
742 1800 825 1827 non
851 1785 940 1827 sine
965 1784 1225 1826 verberibus.

276 1852 420 1895 desine
445 1850 726 1893 dissimulare:
754 1849 857 1891 deus
884 1847 1094 1890 crudelius
1118 1847 1214 1897 urit,

331 1929 437 1970 quos
463 1914 577 1955 videt
602 1913 753 1954 invitos
780 1911 1051 1954 succubuisse
1077 1909 1169 1952 sibi.

275 1979 378 2034 quid
401 1977 477 2019 tibi
501 1991 613 2018 1111110
637 1976 783 2017 molles
809 1975 978 2031 prodest
1004 1973 1181 2015 coluisse
1206 1971 1378 2028 capillos

209 2053 252 2088 10
336 2056 545 2096 saepeque
569 2046 749 2081 mutatas
776 2037 1031 2094 disposuisse
1057 2051 1211 2085 comas,

276 2105 377 2160 quid
402 2105 500 2146 fuco
525 2103 771 2159 splendente
796 2117 927 2157 genas
952 2114 1114 2149 ornare,
1141 2098 1243 2153 quid
1267 2111 1431 2153 ungues

334 2167 502 2209 artificis
529 2167 652 2208 docta
678 2164 943 2207 subsecuisse
967 2163 1118 2204 manu?

278 2232 432 2274 frustra
456 2230 541 2271 iam
564 2236 716 2278 vestes,
742 2228 897 2269 frustra
922 2232 1137 2267 mutantur
1162 2223 1338 2265 amictus

335 2308 520 2348 ansaque
546 2305 806 2347 compressos
833 2289 1002 2344 colligat
1016 2294 1105 2329 arta
1128 2286 1270 2343 pedes.

211 2363 254 2398 15
277 2359 348 2401 illa
372 2357 523 2413 placet,
550 2354 741 2410 quamvis
767 2354 923 2394 inculto
949 2350 1107 2393 venerit
1132 2365 1203 2391 ore

335 2436 412 2463 nec
437 2419 616 2461 nitidum
643 2418 762 2459 tarda
789 2415 1013 2471 compserit
1037 2420 1124 2454 arte
1151 2418 1289 2468 eaput.

279 2501 380 2527 num
405 2491 445 2525 te
472 2481 740 2529 carminibus,
766 2494 866 2521 num
893 2486 931 2520 te
958 2476 1209 2532 pallentibus
1234 2474 1374 2517 herbis

339 2547 508 2590 devovit
534 2545 659 2586 tacito
684 2551 868 2598 tempore
895 2541 1026 2582 noctis
1053 2540 1182 2580 anus?

283 2619 430 2655 cantus
457 2608 603 2651 vicinis
629 2607 773 2662 fruges
799 2604 977 2646 traducit
1003 2603 1057 2645 ab
1083 2602 1208 2657 agris,

212 2680 258 2715 20
340 2681 486 2717 cantus
512 2680 552 2714 et
578 2671 706 2712 iratae
733 2669 890 2710 detinet
916 2666 1066 2722 anguis
1091 2666 1182 2715 iter,
