1667 2909
708 179 776 215 18
1372 166 1424 208 19

63 266 210 302 cantus
235 267 277 303 et
301 275 324 302 e
349 274 472 303 curru
498 260 668 302 Lunam
694 260 900 302 deducere
924 265 1114 314 temptat,

120 331 160 365 et
184 323 354 374 faceret,
380 324 414 365 si
438 338 522 365 non
547 339 644 366 aera
668 323 837 378 repulsa
861 331 1021 364 sonent.

63 386 165 441 quid
189 400 341 441 queror
364 385 447 428 heu
470 386 623 428 misero
649 401 816 427 carmen
847 386 1051 435 nocuisse,
1083 384 1185 438 quid
1210 383 1389 426 herbas?

123 449 260 491 forma
283 449 386 492 nihil
410 448 584 504 magicis
609 449 740 490 utitur
765 449 948 490 auxiliis:

63 511 138 554 sed
163 527 313 568 corpus
338 511 525 568 tetigisse
547 518 684 561 nocet,
714 511 789 554 sed
812 512 940 567 longa
965 510 1129 553 dedisse

119 576 275 628 oscula,
301 574 375 617 sed
399 574 548 616 femori
572 575 833 617 conseruisse
857 574 1005 617 femur.

62 653 141 681 nec
165 646 210 680 tu
235 638 414 680 difficilis
440 653 572 694 puero
596 646 737 681 tamen
763 654 853 681 esse
877 646 1108 681 memento:

119 702 383 758 persequitur
406 703 552 758 poenis
578 703 712 744 tristia
736 702 849 745 facta
873 703 1034 745 Venus.

62 780 237 808 munera
260 781 312 808 ne
337 780 504 822 poscas:
531 765 600 808 det
624 782 800 809 munera
825 781 955 808 canus
981 773 1154 814 amator,

119 836 166 871 ut
189 828 330 872 foveat
353 829 470 872 molli
495 830 649 885 frigida
673 830 862 872 membra
887 830 994 871 sinu.

64 892 198 935 carior
221 900 285 935 est
309 908 410 935 auro
434 893 612 944 iuvenis,
638 894 707 935 cui
731 893 841 936 levia
865 893 1031 949 fulgent

120 971 194 998 ora
216 971 294 998 nec
319 956 538 1012 amplexus
564 972 714 1013 aspera
738 957 871 999 barba
896 957 1006 998 terit.

63 1018 162 1062 huic
187 1027 233 1061 tu
258 1020 484 1062 candentes
510 1035 655 1062 umero
680 1035 870 1076 suppone
894 1020 1087 1069 lacertos,

121 1091 162 1126 et
185 1098 334 1139 regum
358 1098 537 1139 magnae
563 1083 848 1139 despiciantur
872 1098 985 1139 opeS.

65 1152 107 1188 at
130 1146 279 1188 Venus
303 1146 463 1188 invenit
487 1161 618 1202 puero
645 1146 925 1188 concumbere
950 1146 1109 1195 furtim,

121 1209 222 1251 dum
247 1209 365 1251 timet
390 1217 431 1251 et
455 1219 619 1252 teneros
645 1210 825 1252 conserit
850 1225 984 1264 usque
1010 1210 1138 1258 sinus,

65 1280 106 1316 et
131 1273 231 1315 dare
256 1272 469 1315 anhelanti
494 1274 780 1329 pugnantibus
806 1273 949 1315 umida
974 1272 1129 1329 linguis

122 1336 266 1378 oscula
286 1344 332 1380 ,et
356 1336 399 1377 in
424 1336 530 1378 collo
555 1337 684 1392 figere
710 1337 833 1379 dente
858 1344 992 1378 notas.

64 1413 149 1441 non
173 1399 278 1454 lapis
303 1398 412 1440 hanc
435 1414 712 1454 gemmaeque
736 1399 896 1449 iuvant,
923 1414 1032 1454 quae
1057 1398 1213 1454 frigore
1239 1397 1328 1439 sola

122 1461 302 1504 dormiat
326 1469 367 1503 et
391 1462 495 1503 nulli
520 1462 573 1503 sit
598 1462 806 1518 cupienda
831 1463 933 1503 viro.

65 1525 149 1567 heu
173 1539 265 1567 sero
290 1532 511 1567 revocatur
535 1539 652 1566 amor
676 1540 853 1579 seroque
877 1525 1085 1574 iuventas,

123 1603 219 1630 cum
243 1595 364 1630 vetus
389 1587 534 1629 infecit
559 1603 662 1630 cana
688 1597 857 1630 senecta
882 1596 1020 1644 caput.

67 1658 155 1693 tum
180 1650 366 1692 studium
396 1650 556 1692 formae
582 1659 663 1693 est:
690 1666 810 1693 coma
833 1659 924 1692 tum
949 1657 1148 1700 mutatur,
1174 1657 1219 1691 ut
1244 1664 1374 1691 annos

123 1713 355 1756 dissimulet
380 1713 502 1755 viridi
527 1715 680 1756 cortice
706 1715 835 1756 tincta
859 1714 997 1756 nucis:

67 1777 212 1819 tollere
236 1784 326 1818 tum
351 1791 452 1818 cura
477 1784 539 1819 est
564 1777 680 1819 albos
707 1793 732 1818 a
756 1777 884 1833 stirpe
910 1777 1082 1833 capillos

123 1848 165 1883 et
188 1840 341 1882 faciem
367 1840 538 1896 dempta
561 1841 671 1896 pelle
696 1840 853 1883 referre
878 1855 1045 1882 novam.

68 1909 111 1946 at
134 1911 193 1953 tu,
220 1903 321 1945 dum
346 1903 469 1959 primi
494 1903 615 1945 floret
639 1903 714 1945 tibi
739 1904 937 1960 temporis
964 1912 1091 1954 aetas,

123 1974 260 2009 utere:
285 1981 369 2008 non
395 1966 514 2008 tardo
538 1967 693 2009 labitur
715 1967 789 2010 illa
813 1967 934 2023 pede.

67 2045 151 2073 neu
174 2030 420 2072 Marathum
445 2038 614 2085 torque:
640 2046 770 2087 puero
795 2046 903 2086 quae
928 2031 1064 2088 gloria
1089 2031 1198 2073 victo
1226 2032 1312 2073 est?

125 2093 168 2135 in
192 2101 353 2136 veteres
379 2101 468 2136 esto
494 2093 612 2144 dura,
637 2095 790 2150 puella,
817 2110 950 2137 senes.

68 2171 192 2212 parce
217 2171 364 2212 precor
388 2164 550 2199 tenero:
576 2172 660 2199 non
684 2158 744 2200 illi
769 2159 930 2200 sontica
955 2173 1081 2200 causa
1107 2165 1182 2207 est,

127 2219 200 2261 sed
223 2219 378 2261 nimius
402 2219 492 2261 luto
517 2235 692 2276 corpora
716 2221 840 2276 tingit
865 2236 994 2263 amor.

69 2281 137 2324 vel
165 2282 291 2324 miser
316 2282 480 2324 absenti
503 2292 685 2325 maestas
711 2299 837 2339 quam
864 2300 988 2340 saepe
1015 2283 1205 2339 querelas

127 2345 279 2387 conicit
304 2353 345 2388 et
368 2346 548 2388 lacrimis
574 2347 715 2389 omnia
738 2347 863 2403 plena
887 2347 1077 2389 madent!

70 2407 193 2463 ‘quid
216 2423 283 2450 me
309 2409 511 2464 spernis?’
539 2410 608 2451 ait.
658 2413 840 2465 ‘poterat
865 2410 1057 2452 custodia
1081 2409 1210 2451 vinci:

126 2470 217 2526 ipse
242 2470 358 2512 dedit
383 2472 547 2527 cupidis
572 2472 719 2515 fallere
744 2488 866 2528 posse
892 2473 1009 2515 deus.

70 2540 171 2575 nota
194 2533 342 2576 Venus
367 2533 523 2576 furtiva
548 2535 649 2576 mihi
675 2544 748 2585 est,
775 2544 821 2577 ut
845 2536 948 2578 lenis
981 2544 1130 2591 agatur

129 2595 312 2652 spiritus,
338 2604 384 2638 ut
408 2612 485 2639 nec
512 2598 611 2640 dent
636 2599 781 2640 oscula
805 2607 925 2653 rapta
951 2614 1119 2640 sonum:

72 2665 113 2701 et
136 2673 309 2714 possum
333 2659 472 2701 media
497 2660 688 2714 quamvis
714 2662 915 2716 obrepere
941 2671 1062 2704 nocte

128 2730 170 2764 et
194 2721 369 2778 strepitu
394 2722 508 2764 nullo
534 2723 642 2765 clam
667 2739 853 2766 reserare
879 2724 1000 2768 fores.

1450 516 1495 551 25

1452 838 1497 873 30

1455 1155 1500 1189 35

1453 1477 1499 1511 40

1455 1794 1501 1828 45

1456 2110 1501 2145 50

1458 2423 1502 2458 55

1458 2731 1502 2766 60
