1667 2909
670 178 792 214 123

57 260 127 303 ille
151 260 247 303 licet
271 259 453 303 Cilicum
477 259 608 302 victas
634 268 732 315 agat
757 266 851 301 ante
877 266 1078 308 catervas,

113 330 243 378 ponat
267 331 308 366 et
330 324 374 365 in
399 330 520 379 capto
545 322 703 364 Martia
727 330 863 364 castra
888 322 989 371 solo,

57 393 169 428 totus
195 394 234 428 et
259 394 431 442 argento
456 392 689 434 contextus,
714 392 825 427 totus
850 394 891 427 et
915 399 1030 434 auro,

114 449 292 491 insideat
316 448 439 491 celeri
463 447 780 504 conspiciendus
806 462 932 502 equo:

58 510 148 566 ipse
173 511 301 554 boves
325 526 419 553 mea
443 511 477 552 si
501 518 640 553 tecum
665 510 789 552 modo
815 510 942 552 Delia
966 509 1121 566 possim

114 573 288 629 iungere
313 581 353 616 et
377 574 421 614 in
446 573 565 615 solito
589 588 760 628 pascere
785 582 926 614 monte
951 587 1093 628 pecus,

61 642 103 678 et
126 643 167 678 te
192 636 292 678 dum
316 636 440 678 liceat
464 636 616 678 teneris
640 636 818 678 retinere
843 636 1020 685 lacertis,

114 698 250 740 mollis
276 706 317 740 et
340 698 498 740 inculta
522 699 574 740 sit
597 698 698 739 mihi
723 713 893 740 somnus
917 698 1058 740 humo.

58 760 159 815 quid
183 760 312 816 Tyrio
335 761 536 803 recubare
561 769 651 802 toro
675 760 764 802 sine
790 776 930 804 amore
956 760 1138 803 secundo

114 823 297 878 prodest,
323 838 419 865 cum
443 824 543 865 fletu
567 838 651 864 nox
675 823 888 879 vigilanda
911 824 1048 866 venit?

57 900 157 926 nam
179 900 315 940 neque
340 893 440 928 tunc
463 886 631 941 plumae
655 901 732 927 nec
757 886 942 941 stragula
966 887 1079 942 picta
1103 900 1293 941 soporem

113 962 191 990 nec
214 948 372 990 sonitus
397 948 584 1004 placidae
610 949 761 990 ducere
787 956 926 1004 posset
952 963 1097 1003 aquae.

57 1025 158 1053 num
181 1011 359 1054 Veneris
383 1026 561 1066 magnae
587 1011 738 1053 violavi
763 1012 936 1053 numina
959 1012 1103 1061 verbo,

114 1081 155 1116 et
178 1089 273 1116 mea
295 1088 407 1116 nunc
431 1088 587 1130 poenas
613 1074 742 1129 impia
765 1075 912 1129 lingua
935 1075 1037 1116 luit?

56 1151 158 1178 num
182 1136 293 1179 feror
317 1137 500 1179 incestus
525 1137 644 1178 sedes
670 1137 820 1178 adiisse
847 1138 1020 1179 deorum

114 1207 308 1254 sertaque
333 1199 384 1241 de
408 1200 562 1241 sanctis
587 1199 817 1255 deripuisse
841 1200 971 1241 focis?

57 1275 140 1304 non
165 1276 258 1318 ego,
284 1262 317 1304 si
340 1262 487 1312 merui,
514 1262 701 1304 dubitem
725 1263 1000 1317 procumbere
1025 1262 1189 1318 templis

114 1332 155 1367 et
179 1325 277 1366 dare
303 1325 474 1367 sacratis
499 1325 642 1366 oscula
665 1325 890 1375 liminibus,

56 1402 141 1430 non
166 1402 244 1443 ego
269 1387 459 1430 tellurem
482 1387 660 1443 genibus
685 1402 907 1443 perrepere
932 1388 1109 1443 supplex

114 1458 155 1492 et
179 1450 377 1492 miserum
402 1459 545 1492 sancto
571 1450 747 1492 tundere
772 1459 890 1506 poste
916 1459 1053 1506 caput.

59 1520 103 1554 at
125 1520 185 1562 tu,
210 1513 283 1567 qui
306 1513 440 1554 laetus
464 1513 573 1555 rides
598 1513 708 1554 mala
732 1522 886 1562 nostra,
913 1521 1059 1555 caveto

112 1589 212 1616 mox
236 1575 329 1616 tibi:
355 1589 439 1616 non
462 1577 505 1616 in
529 1591 589 1617 me
613 1575 770 1617 saeviet
795 1590 928 1630 usque
953 1576 1069 1618 deus.

56 1637 143 1679 vidi
168 1652 261 1693 ego,
286 1637 359 1692 qui
383 1637 581 1680 iuvenum
606 1638 778 1680 miseros
803 1639 969 1681 lusisset
993 1653 1171 1689 amores,

113 1708 207 1756 post
231 1700 409 1742 Veneris
434 1700 580 1742 vinclis
606 1701 785 1743 subdere
811 1701 917 1743 colla
941 1716 1083 1744 senem

57 1769 100 1806 et
124 1763 202 1804 sibi
227 1763 448 1804 blanditias
474 1764 651 1805 tremula
675 1778 925 1819 componere
950 1778 1052 1806 voce

114 1833 155 1868 et
178 1825 372 1866 manibus
397 1840 522 1867 canas
547 1826 704 1881 fingere
729 1827 836 1868 velle
861 1841 1020 1868 comas:

58 1895 167 1930 stare
190 1902 267 1930 nec
292 1895 388 1930 ante
412 1887 522 1930 fores
547 1888 696 1944 puduit
721 1903 893 1931 caraeve
917 1889 1082 1945 puellae

115 1950 307 1992 ancillam
332 1950 469 1992 medio
495 1950 721 1994 detinuisse
747 1952 850 1993 foro.

57 2013 169 2055 hunc
191 2028 308 2069 puer,
334 2012 446 2055 hunc
470 2013 631 2055 iuvenis
656 2014 779 2056 turba
804 2015 1055 2057 circumterit
1080 2024 1182 2065 arta,

115 2076 280 2131 despuit
303 2076 345 2117 in
370 2075 516 2118 molles
542 2084 583 2118 et
608 2076 685 2118 sibi
711 2078 886 2132 quisque
913 2078 1040 2119 sinus.

58 2146 101 2181 at
124 2138 226 2179 mihi
250 2152 388 2194 parce,
414 2139 581 2180 Venus:
608 2154 772 2195 semper
797 2141 870 2182 tibi
897 2141 1037 2182 dedita
1069 2142 1194 2183 servit

114 2215 232 2243 mens
256 2215 367 2244 mea:
393 2201 495 2255 quid
520 2217 675 2244 messes
701 2203 786 2244 uris
812 2203 963 2246 acerba
987 2204 1104 2245 tuas?

687 2430 770 2472 111.

58 2511 180 2554 Ibitis
206 2513 400 2568 Aegaeas
424 2514 512 2556 sine
538 2530 617 2564 me,
643 2515 856 2565 Messalla,
881 2531 956 2571 per
979 2517 1125 2567 undas,

115 2589 139 2616 o
164 2574 322 2616 utinam
346 2590 550 2618 memores
574 2577 663 2632 ipse
689 2578 918 2631 cohorsque
944 2580 1040 2621 mei:

58 2651 126 2679 me
150 2644 264 2679 tenet
286 2636 438 2692 ignotis
465 2654 637 2693 aegrum
661 2640 872 2682 Phaeacia
896 2641 1031 2682 terris:

116 2699 326 2741 abstineas
351 2699 494 2741 avidas
519 2715 629 2742 mors
655 2702 778 2743 modo
804 2702 923 2757 nigra
948 2719 1106 2745 manus.

1435 1081 1479 1115 80

1435 1703 1480 1738 90

1434 2016 1479 2051 95
