1667 2909
701 661 802 704 VII.

74 763 151 814 Te,
176 763 394 815 Messalla,
420 779 582 814 canam,
609 778 867 818 quamquam
894 771 961 805 tua
987 764 1156 819 cognita
1181 765 1312 806 virtus

74 834 218 868 terret:
243 835 289 869 ut
313 828 503 869 infirmae
528 835 739 881 nequeant
765 826 993 868 subsistere
1019 827 1140 876 vires,

73 889 269 945 incipiam
295 899 447 932 tamen.
498 906 522 932 a
546 890 704 931 meritis
732 890 766 931 si
792 890 976 931 carmina
1000 890 1159 939 laudes,

75 953 286 994 deficiant:
312 953 481 995 humilis
507 954 631 994 tantis
658 953 736 994 sim
762 953 952 994 conditor
976 953 1092 1002 actis,

73 1030 152 1058 nec
175 1024 249 1058 tua
272 1025 438 1072 praeter
461 1024 502 1058 te
528 1016 682 1058 chartis
707 1016 894 1058 intexere
920 1016 1143 1069 quisquam

72 1078 186 1120 facta
209 1087 348 1133 queat,
375 1079 495 1121 dictis
519 1087 564 1121 ut
589 1094 673 1120 non
697 1079 856 1120 maiora
882 1079 1103 1134 supersint.

74 1149 137 1184 est
161 1142 282 1184 nobis
308 1143 489 1184 voluisse
515 1143 629 1192 satis,
656 1157 734 1184 nec
758 1157 934 1184 munera
959 1158 1089 1197 parva

72 1206 293 1260 respueris.
343 1206 468 1248 etiam
492 1205 669 1247 Phoebo
694 1206 932 1261 gratissima
957 1205 1067 1246 dona

75 1266 180 1310 Cres
206 1269 312 1319 tulit,
339 1276 380 1310 et
406 1269 566 1310 cunetis
592 1269 762 1310 Baccho
788 1269 1008 1310 iucundior
1033 1268 1185 1323 hospes

73 1330 232 1381 Icarus,
257 1339 303 1372 ut
327 1345 434 1387 puro
459 1339 666 1373 testantur
692 1331 829 1373 sidera
855 1332 970 1373 eaelo

73 1393 343 1449 Erigoneque
369 1394 581 1449 canisque,
607 1403 734 1449 neget
759 1410 811 1436 ne
836 1394 1000 1450 longior
1025 1402 1151 1435 aetas.

73 1457 175 1511 quin
200 1457 325 1499 etiam
349 1457 537 1507 Alcides,
564 1457 667 1499 deus
693 1473 943 1499 ascensurus
970 1456 1218 1512 Olympum,

72 1519 183 1561 laeta
207 1520 462 1562 Molorcheis
489 1521 629 1575 posuit
654 1521 833 1576 vestigia
858 1521 990 1569 tectis,

16 1606 28 1618 ·
72 1596 286 1638 parvaque
312 1583 502 1625 caelestis
527 1583 710 1638 placavit
734 1584 856 1632 mica,
883 1598 961 1624 nec
986 1583 1065 1624 illis

73 1660 238 1701 semper
262 1646 455 1687 inaurato
481 1653 626 1687 taurus
653 1646 763 1688 cadit
789 1646 925 1687 hostia
950 1661 1090 1687 cornu.

72 1708 140 1750 hic
164 1722 332 1763 quoque
358 1708 410 1750 sit
435 1716 580 1765 gratus
606 1724 761 1764 parvus
787 1709 919 1758 labor,
946 1718 991 1750 ut
1016 1708 1092 1749 tibi
1118 1709 1273 1763 possim

71 1770 170 1813 inde
195 1771 297 1813 alios
324 1771 510 1825 aliosque
534 1786 696 1813 memor
721 1786 969 1826 componere
995 1786 1153 1812 versus.

129 1834 235 1876 alter
259 1834 370 1876 dieat
395 1848 501 1889 opus
526 1834 670 1889 magni
695 1835 885 1876 mirabile
910 1835 1070 1883 mundi,

73 1897 207 1952 qualis
232 1897 275 1938 in
299 1897 504 1938 immenso
530 1897 739 1938 desederit
765 1912 859 1938 aere
885 1897 1024 1946 tellus,

72 1959 208 2014 qualis
233 1967 274 2002 et
297 1960 340 2001 in
366 1974 542 2001 curvum
566 1967 719 2014 pontus
746 1960 994 2001 confluxerit
1020 1959 1176 2008 orbem,

73 2030 113 2064 et
138 2037 288 2078 vagus,
315 2037 337 2063 e
362 2022 481 2063 terris
507 2036 590 2076 qua
616 2037 788 2078 surgere
813 2023 970 2071 nititur,
997 2037 1080 2071 aer,

72 2084 170 2126 huic
195 2094 236 2127 et
261 2092 477 2127 contextus
503 2085 660 2140 passim
685 2086 787 2126 fluat
811 2086 959 2140 igneus
987 2085 1141 2133 aether,

71 2147 352 2203 pendentique
377 2162 503 2203 super
528 2147 777 2189 claudantur
801 2156 847 2189 ut
871 2148 1011 2189 omnia
1036 2148 1170 2189 eaelo:

72 2217 114 2252 at
137 2210 433 2265 quodcumque
458 2224 577 2252 meae
602 2210 799 2265 poterunt
824 2211 977 2252 audere
1005 2209 1232 2260 Camenae,

72 2287 147 2315 seu
170 2273 246 2314 tibi
271 2288 347 2328 par
370 2280 566 2328 poterunt
590 2288 677 2323 seu,
703 2274 816 2327 quod
841 2289 936 2329 spes
962 2274 1121 2322 abnuit,
1148 2274 1257 2314 ultra

1434 665 1522 702 1V1

1482 1027 1502 1060 cx

1461 1340 1503 1375 10

1460 1658 1502 1692 15

1457 1972 1502 2006 ‘20

73 2335 160 2378 sive
184 2335 322 2377 minus
347 2360 400 2365 -
427 2343 623 2390 certeque
649 2345 799 2378 canent
824 2337 961 2378 minus
987 2361 1055 2385 -—‚
1081 2351 1204 2378 omne
1230 2351 1431 2378 vovemus

73 2397 154 2440 hoc
178 2398 266 2447 tibi,
292 2413 370 2440 nec
395 2406 511 2440 tanto
537 2406 677 2440 eareat
701 2399 803 2440 mihi
829 2399 1011 2441 carmine
1037 2399 1192 2440 charta.

72 2475 169 2502 nam
194 2475 450 2515 quamquam
477 2461 675 2515 antiquae
699 2462 836 2517 gentis
863 2470 1062 2517 superant
1087 2462 1161 2503 tibi
1187 2462 1346 2509 laudes,

72 2537 157 2564 non
181 2530 254 2564 tua
278 2523 483 2565 maiorum
509 2532 705 2566 contenta
731 2535 791 2565 est
817 2525 950 2579 gloria
974 2526 1100 2573 fama,

72 2600 151 2628 nec
175 2585 341 2639 quaeris
367 2586 467 2639 quid
492 2600 659 2641 quaque
684 2587 809 2628 index
836 2588 913 2628 sub
938 2587 1120 2642 imagine
1147 2587 1271 2635 (licat,

75 2648 149 2690 sed
174 2648 338 2703 generis
364 2648 522 2703 priscos
549 2650 765 2691 contendis
791 2650 956 2691 vincere
984 2650 1175 2698 honores,

73 2723 201 2766 quam
225 2710 301 2752 tibi
325 2710 502 2753 maiores
528 2711 662 2753 maius
689 2712 815 2754 decus
841 2712 929 2767 ipse
954 2711 1124 2753 futuris:
