1715 2844
322 92 377 133 26
967 101 1049 136 Π1

323 182 397 224 sed
423 183 547 225 ‘bene
571 183 835 225 Messallam'
863 197 938 224 sua
963 182 1141 238 quisque
1166 183 1220 225 ad
1244 185 1396 239 pocula
1420 186 1540 236 dicat,

351 288 354 289 γ
378 260 532 288 nomen
558 253 598 288 et
623 246 807 288 absentis
832 245 997 301 singula
1022 247 1150 288 verba
1174 255 1334 288 sonent.

321 308 459 363 gentis
484 309 726 363 Aquitanae
752 308 914 350 celeber
937 308 1140 350 Messalla
1163 309 1385 366 triumphis

380 378 420 412 et
445 387 601 426 magna
623 371 800 412 intonsis
825 371 959 426 gloria
983 371 1115 414 victor
1140 372 1243 421 avis,

253 443 298 477 35
321 433 405 475 huc
430 434 529 475 ades
556 434 777 489 aspiraque
803 433 918 483 mihi,
945 433 1047 475 dum
1071 435 1254 477 carmine
1278 443 1419 478 nostro

379 496 568 538 redditur
593 496 786 551 agricolis
812 496 948 551 gratia
973 497 1203 539 caelitibus.

321 573 420 600 rura
445 573 549 600 cano
575 559 767 613 rurisque
793 559 905 600 deos.
955 558 1019 600 his
1044 560 1130 601 vita
1155 560 1366 616 magistris

379 621 568 662 desuevit.
593 636 752 675 querna
776 621 931 677 pellere
955 621 1110 676 glande
1134 621 1307 664 famem:

321 683 382 725 illi
407 684 645 739 compositis
671 684 853 739 primum
879 684 1059 726 docuere
1084 684 1226 739 tigillis

253 751 298 786 40
380 746 578 801 exiguam
603 746 725 788 viridi
750 746 898 788 fronde
924 747 1085 801 operire
1110 748 1300 789 domum:

321 810 381 850 illi
407 810 533 851 etiam
558 818 698 851 tauros
723 810 847 865 primi
872 810 1063 852 docuisse
1088 810 1278 852 feruntur

380 873 597 914 servitium
623 880 662 915 et
687 873 875 928 plaustro
902 873 1170 929 supposuisse
1194 881 1340 915 rotam.

323 944 412 977 tum
438 936 573 978 victus
599 936 738 978 abiere
764 936 855 985 feri,
880 943 969 977 tum
995 937 1155 978 consita
1178 951 1342 992 pomus,

378 1009 468 1040 tum
493 999 598 1040 bibit
622 999 801 1054 irriguas
827 999 972 1040 fertilis
998 999 1142 1040 hortus
1168 1014 1312 1053 aquas,

253 1073 299 1107 45
322 1077 452 1104 aurea
476 1069 566 1103 tum
591 1077 756 1117 pressos
782 1062 960 1118 pedibus
987 1062 1101 1104 dedit
1126 1078 1207 1103 uva
1231 1063 1411 1117 liquores

379 1126 594 1179 mixtaque
621 1140 767 1167 securo
793 1133 855 1167 est
880 1125 1020 1166 sobria
1044 1125 1216 1180 lympha
1241 1140 1367 1168 merO.

321 1204 420 1230 rura
445 1188 586 1230 ferunt
610 1204 780 1238 messes,
808 1188 931 1229 calidi
956 1203 1051 1229 cum
1077 1188 1222 1230 sideris
1248 1183 1367 1230 aestu

379 1251 550 1307 deponit
574 1252 704 1293 flavas
730 1267 871 1292 annua
895 1259 1005 1292 terra
1030 1265 1182 1292 comas.

321 1329 417 1356 rure
442 1314 545 1355 levis
572 1329 698 1356 verno
723 1314 845 1356 flores
871 1314 961 1369 apis
986 1314 1137 1369 ingerit
1163 1313 1296 1364 alveo,

253 1388 297 1422 50
379 1377 586 1432 compleat
611 1384 656 1418 ut
682 1377 793 1418 dulci
819 1376 965 1418 sedula
995 1377 1117 1418 melle
1142 1376 1276 1418 favos.

322 1440 507 1496 agricola
532 1440 708 1481 adsiduo
733 1439 915 1494 primum
941 1439 1116 1480 satiatus
1143 1446 1278 1480 aratro

379 1502 561 1544 cantavit
587 1511 698 1543 certo
724 1502 878 1543 rustica
903 1501 1032 1543 verba
1057 1502 1164 1556 pede

323 1573 363 1607 et
389 1573 504 1607 satur
529 1566 662 1607 arenti
685 1565 866 1620 primum
893 1572 954 1605 est
979 1564 1218 1605 modulatus
1244 1579 1378 1606 avena

380 1644 562 1677 carmen,
588 1636 635 1669 ut
661 1635 829 1669 ornatos
856 1627 1012 1669 diceret
1038 1635 1133 1668 ante
1159 1627 1273 1677 deos,

253 1699 297 1733 55
323 1691 509 1747 agricola
534 1700 574 1733 et
598 1691 727 1732 minio
755 1690 955 1740 suffusus,
981 1689 1163 1739 Bacche,
1188 1689 1356 1731 rubenti

378 1755 538 1809 primus
564 1754 781 1809 inexperta
806 1753 923 1794 duxit
949 1753 1002 1793 ab
1029 1759 1116 1794 arte
1142 1752 1302 1793 choros.

322 1817 420 1858 huic
448 1818 569 1858 datus
596 1832 616 1857 a
644 1818 783 1872 plen0‚
810 1815 1082 1858 memorabile
1107 1830 1272 1865 munus,
1298 1814 1396 1856 ovili

380 1881 466 1922 dux
491 1879 655 1936 pecoris
681 1888 812 1921 cumas
839 1886 1014 1920 auxerat
1038 1877 1178 1920 hircus
1204 1893 1308 1933 opes.

323 1959 419 1985 rure
444 1959 548 1999 puer
572 1957 701 1984 verno
726 1943 907 1998 primum
933 1941 984 1984 de
1009 1941 1110 1983 flore
1135 1956 1332 1982 coronam

254 2013 300 2047 60
381 2007 479 2048 fecit
506 2018 546 2048 et
572 2006 753 2060 antiquis
779 2004 977 2060 imposuit
1003 2004 1174 2046 laribus.

322 2085 419 2111 rure
445 2069 570 2111 ctiam
596 2069 749 2111 teneris
776 2084 920 2110 curam
946 2067 1183 2110 exhibitura
1207 2066 1356 2122 puellis

380 2132 505 2174 molle
530 2133 638 2187 gerit
662 2140 780 2186 tergo
805 2131 945 2172 lucida
970 2131 1102 2172 vellus
1128 2130 1231 2171 ovis.

323 2196 421 2237 hinc
446 2203 486 2237 et
511 2195 720 2237 femineus
744 2194 863 2235 labor
889 2201 964 2243 est,
990 2193 1086 2234 hinc
1112 2208 1242 2247 pensa
1266 2192 1479 2245 colusque,

382 2259 502 2300 fusus
529 2266 569 2300 et
594 2257 785 2313 apposito
813 2256 962 2312 pollice
988 2263 1128 2297 versat
1153 2270 1275 2310 opus:

256 2329 300 2363 65
326 2329 451 2376 atque
477 2321 618 2375 aliqua
643 2320 819 2361 adsidue
845 2318 1000 2360 textrix
1025 2325 1195 2373 operata
1219 2316 1459 2358 Minervam

382 2392 534 2432 cantat,
562 2391 600 2425 ct
627 2383 832 2438 applauso
858 2382 941 2423 tela
967 2388 1087 2422 sonat
1112 2381 1252 2422 latere.

324 2449 414 2504 ipse
438 2450 618 2501 interque
642 2461 778 2501 φέρω
806 2445 994 2497 interque
1022 2450 1209 2485 armenta
1235 2441 1402 2498 Cupido

382 2519 505 2553 natus
531 2518 570 2551 et
596 2509 818 2549 indomitas
846 2507 995 2549 dicitur
1020 2507 1126 2548 inter
1153 2521 1292 2560 equas.

325 2575 410 2617 illic
434 2574 602 2615 indocto
629 2572 809 2627 primum
836 2586 879 2612 se
905 2569 1090 2612 exercuit
1114 2584 1231 2610 arcu:

258 2643 302 2677 70
383 2637 420 2679 ei
444 2635 560 2686 mihi,
585 2650 711 2690 quam
739 2634 881 2676 doctas
907 2647 1018 2674 nunc
1042 2632 1169 2674 habet
1194 2631 1261 2674 ille
1288 2630 1454 2674 manus!
