1667 2909
743 196 805 233 17

99 292 184 319 non
210 277 298 320 sine
324 293 391 321 me
417 285 479 321 est
503 278 579 321 tibi
602 285 747 335 partus
772 277 923 319 honos:
955 277 1152 319 Tarbella
1177 277 1345 332 Pyrene

156 342 272 383 testis
298 350 339 384 et
365 340 529 384 Oceani
552 341 674 384 litora
699 341 930 390 Santonici,

98 405 216 446 testis
241 406 353 447 Arar
376 405 692 459 Rhodanusque
719 405 828 446 celer
851 418 1115 460 magnusque
1142 401 1362 453 Garunna,

156 466 355 509 Carnutis
380 476 421 510 et
444 468 542 509 flavi
567 468 734 510 caerula
757 467 930 523 lympha
955 467 1098 523 Liger.

99 545 152 572 an
176 538 229 582 te,
257 530 420 587 Cydne,
446 546 608 581 canam,
635 531 772 573 tacitis
798 531 870 585 qui
893 530 1043 572 leniter
1067 530 1189 571 undis

156 595 370 636 caeruleus
395 594 571 650 placidis
596 609 671 650 per
696 594 805 635 vada
830 594 961 649 serpis
987 593 1119 648 aquis,

98 665 278 711 quantus
304 665 345 699 et
369 657 554 699 aetherio
580 658 826 713 contingens
851 657 1006 699 vertice
1030 657 1164 698 nubes

154 720 331 776 frigidus
355 720 543 762 intonsos
569 720 736 762 Taurus
763 720 845 762 alat
873 718 1053 761 Cilicas?

97 783 199 837 quid
222 783 414 833 referam,
439 791 487 825 ut
511 783 656 825 volitet
681 783 848 825 crebras
873 783 1029 824 intacta
1053 797 1127 838 per
1152 782 1278 824 urbes

155 845 252 887 alba
274 845 516 888 Palaestino
543 853 687 887 sancta
711 845 908 888 columba
934 844 1057 900 Syro,

97 915 228 964 utque
252 909 379 951 maris
403 917 570 951 vastum
594 916 832 965 prospectet
856 909 1040 950 turribus
1066 923 1223 963 aequor

154 972 289 1028 prima
312 979 445 1014 ratem
471 972 606 1014 ventis
632 972 800 1014 credere
827 971 950 1013 docta
974 971 1124 1026 Tyros,

98 1035 234 1090 qualis
259 1043 312 1085 et,
339 1043 502 1077 arentes
529 1050 624 1077 cum
649 1035 767 1076 findit
795 1034 928 1077 Sirius
956 1049 1093 1090 agros,

154 1098 302 1140 fertilis
328 1099 487 1141 aestiva
511 1098 633 1140 Nilus
659 1098 846 1140 abundet
872 1098 1006 1152 aqua?

98 1161 194 1204 Nile
218 1169 351 1217 pater,
379 1177 562 1216 quanam
588 1162 747 1217 possim
772 1169 813 1203 te
839 1161 977 1203 dicere
1003 1175 1131 1202 causa

154 1232 227 1266 aut
251 1224 404 1279 quibus
427 1224 472 1265 in
496 1225 616 1266 terris
642 1224 876 1266 occuluisse
901 1224 1054 1279 caput?

97 1294 139 1330 te
163 1295 334 1343 propter
357 1288 494 1329 nullos
518 1288 642 1330 tellus
667 1295 740 1329 tua
764 1288 948 1343 postulat
972 1287 1140 1335 imbres,

156 1351 273 1392 arida
297 1365 375 1393 nec
398 1351 541 1406 pluvio
567 1351 776 1406 supplicat
801 1350 933 1392 herba
958 1350 1063 1391 Iovi.

98 1422 139 1456 te
164 1414 276 1456 canit
291 1419 425 1468 ‘atque
450 1429 572 1455 suum
597 1414 731 1469 pubes
756 1413 931 1455 miratur
956 1412 1115 1454 Osirim

155 1477 348 1527 barbara,
373 1477 640 1532 Memphiten
665 1477 866 1532 plangere
892 1476 1015 1517 docta
1040 1476 1204 1518 bovem.

97 1538 258 1595 primus
283 1546 421 1581 aratra
445 1554 573 1581 manu
598 1539 755 1581 sollerti
780 1539 877 1580 fecit
904 1537 1041 1580 Osiris

155 1609 196 1644 et
219 1609 404 1644 teneram
429 1601 540 1644 ferro
566 1602 803 1643 sollicitavit
828 1601 1018 1651 humum,

97 1665 257 1721 primus
282 1665 527 1721 inexpertae
552 1665 760 1706 commisit
785 1665 945 1706 semina
970 1672 1104 1706 terrae

154 1742 364 1784 pomaque
387 1743 473 1770 non
497 1728 607 1770 notis
631 1728 734 1784 legit
760 1728 813 1769 ab
839 1728 1072 1769 arboribus.

98 1790 166 1833 hic
190 1790 332 1833 docuit
355 1798 543 1834 teneram
566 1791 672 1846 palis
698 1791 928 1847 adiungere
953 1791 1096 1840 vitem,

153 1854 223 1896 hic
247 1853 422 1896 viridem
447 1854 551 1896 dura
576 1854 750 1896 caedere
775 1854 882 1896 falce
908 1869 1090 1896 comam:

97 1916 156 1959 illi
181 1917 386 1959 iucundos
410 1917 592 1973 primum
617 1925 782 1958 matura
807 1932 978 1972 sapores

155 1995 354 2035 expressa
378 1980 545 2022 incultis
570 1995 654 2021 uva
679 1980 793 2022 dedit
817 1981 1010 2036 pedibus.

98 2042 168 2085 ille
191 2043 329 2097 liquor
352 2042 495 2084 docuit
519 2057 644 2084 voces
669 2042 880 2085 inflectere
906 2050 1046 2091 cantu,

155 2105 286 2147 movit
310 2112 351 2147 et
375 2106 430 2147 ad
455 2113 589 2147 certos
614 2106 757 2148 nescia
781 2106 964 2147 membra
994 2105 1160 2146 modos:

98 2167 294 2209 Bacchus
320 2175 360 2210 et
387 2168 595 2224 agricolae
621 2183 775 2223 magno
802 2168 992 2209 confecta
1016 2168 1159 2209 labore

155 2238 327 2287 pectora
350 2231 540 2273 tristitiae
567 2231 836 2273 dissoluenda
861 2231 993 2273 dedit:

45 2327 47 2329 .
98 2292 294 2335 Bacchus
319 2300 360 2335 et
385 2293 561 2335 adflictis
585 2293 774 2347 requiem
800 2293 1045 2334 mortalibus
1072 2292 1220 2341 adfert,

157 2369 279 2397 crura
301 2354 400 2397 licet
425 2355 530 2397 dura
555 2355 757 2411 compede
782 2356 904 2411 pulsa
928 2363 1089 2397 sonent.

99 2432 184 2460 non
208 2417 284 2458 tibi
309 2426 405 2459 sunt
429 2418 566 2460 tristes
593 2433 718 2460 curae
742 2433 820 2460 nec
845 2419 995 2468 luctus,
1023 2417 1152 2467 Osiri,

158 2479 232 2522 sed
257 2479 407 2522 chorus
433 2489 473 2523 et
498 2488 643 2523 cantus
670 2488 711 2523 et
734 2481 839 2522 levis
865 2488 987 2536 aptus
1014 2496 1143 2530 amor,

101 2542 175 2585 sed
199 2542 304 2583 varii
327 2543 449 2585 flores
474 2551 515 2585 et
538 2544 653 2585 frons
678 2543 870 2585 redimita
895 2543 1117 2597 corymbis,

156 2605 252 2647 fusa
276 2604 351 2647 sed
375 2605 428 2646 ad
452 2614 617 2648 teneros
642 2607 756 2648 lutea
780 2607 892 2661 palla
915 2606 1044 2660 pedes

101 2675 143 2712 et
165 2667 321 2724 Tyriae
345 2676 482 2710 vestes
508 2676 548 2710 et
572 2669 705 2710 dulcis
730 2669 833 2710 tibia
858 2676 982 2710 cantu

158 2738 199 2773 et
222 2731 326 2773 levis
351 2731 524 2773 occultis
550 2732 717 2773 conscia
741 2732 844 2773 cista
868 2731 1008 2773 sacris.

172 2798 307 2825 Tibullus.
1209 2798 1231 2831 2

1405 184 1455 227 17

1483 349 1527 382 10

1486 663 1531 698 15

1485 979 1530 1014 20

1485 1293 1531 1330 25

1486 1609 1532 1644 30

1483 2239 1530 2274 40

1483 2554 1528 2588 45
