1715 2844
801 543 1226 597 PRIAPEA.

996 714 1031 755 I.

331 816 493 859 Vilicus
519 815 652 858 aerari
678 817 905 870 quondam,
931 832 1044 858 nunc
1070 817 1204 858 cultor
1229 817 1368 873 agelli,

387 880 492 921 haec
516 880 592 921 tibi
616 881 871 936 Perspectus
897 881 1066 935 templa,
1092 880 1260 936 Priape,
1287 881 1392 922 dico.

328 957 403 998 pro
428 943 582 997 quibus
610 943 772 993 officiis,
801 943 834 984 si
860 943 923 985 fas
950 950 1024 993 est,
1052 951 1207 993 sancte,
1233 944 1435 999 paciscor,

386 1006 579 1048 assiduus
606 1014 746 1048 custos
772 1006 879 1048 ruris
906 1014 952 1048 ut
977 1021 1067 1048 esse
1095 1007 1212 1056 velis,

281 1072 303 1106 5
327 1069 544 1124 improbus
569 1077 615 1110 ut
640 1069 674 1111 si
700 1069 793 1123 quis
818 1078 1006 1111 nostrum
1031 1069 1196 1111 violarit
1222 1069 1419 1125 agellum,

384 1133 495 1175 hunc
521 1140 580 1183 tu,
607 1132 681 1175 sed
705 1140 820 1174 tento
846 1158 900 1163 ——
924 1133 1019 1183 scis,
1044 1141 1161 1188 puto,
1188 1132 1301 1187 quod
1327 1131 1525 1186 sequitur.

977 1367 1036 1410 II.

439 1446 555 1500 Quid
581 1447 659 1489 hoc
683 1447 781 1489 novi
807 1448 895 1489 est‘?
920 1448 1021 1502 quid
1047 1448 1109 1489 ira
1134 1447 1298 1489 nuntiat
1323 1446 1473 1489 deum?

438 1511 585 1552 silente
611 1518 733 1553 nocte
760 1511 964 1552 candidus
990 1511 1093 1552 mihi
1118 1526 1223 1566 puer

438 1582 605 1628 tepente
632 1589 728 1616 cum
753 1574 907 1616 iaceret
932 1574 1098 1615 abditus
1124 1574 1230 1623 sinu,

437 1638 583 1679 Venus
610 1637 690 1678 fuit
713 1637 857 1691 quieta
881 1652 959 1678 nec
985 1637 1158 1678 viriliter

276 1709 298 1742 5
436 1699 547 1740 iners
574 1700 702 1742 senile
728 1700 847 1755 penis
874 1700 1023 1741 extulit
1049 1707 1187 1755 caput.

435 1763 585 1817 placet,
611 1763 780 1818 Priape,
807 1763 880 1818 qui
906 1763 986 1805 sub
1012 1763 1171 1804 arboris
1198 1777 1318 1804 coma

436 1827 544 1867 soles
570 1842 736 1868 sacrum
761 1827 946 1868 revinctc
972 1826 1170 1882 pampino
1198 1834 1324 1881 caput

435 1889 561 1931 ruber
586 1890 731 1931 sedere
757 1905 853 1931 cum
879 1890 1056 1931 rubente
1082 1889 1267 1930 fascino?

437 1960 491 2002 at,
518 1967 542 1993 0
567 1952 797 2007 Triphalle,
825 1968 950 2007 saepe
976 1952 1147 1994 floribus
1173 1951 1292 1993 novis

254 2024 298 2058 10
436 2023 530 2056 tuas
556 2016 645 2057 sine
671 2024 759 2057 arte
786 2016 1065 2071 deligavimus
1091 2030 1231 2057 comas

435 2078 740 2133 abegimusque
766 2094 869 2121 voce
895 2094 1033 2134 saepe,
1060 2094 1155 2120 cum
1182 2077 1257 2119 tibi

435 2156 616 2183 senexve
643 2156 793 2183 corvus
818 2142 1051 2197 impigerve
1075 2141 1272 2196 graculus

435 2219 601 2245 sacrum
627 2205 769 2246 feriret
794 2219 865 2245 ore
891 2219 1042 2246 cornco
1068 2212 1206 2259 caput.

434 2267 541 2316 vale,
567 2267 749 2309 nefande
776 2267 997 2308 destitutor
1022 2267 1256 2320 inguinum,

252 2338 296 2372 15
434 2330 541 2378 vale,
567 2330 741 2385 Priape:
769 2330 902 2371 debeo
930 2330 1003 2370 tibi
1030 2330 1145 2370 nihil.

434 2392 589 2433 iacebis
615 2392 722 2434 inter
747 2408 848 2434 arva
873 2392 1053 2447 pallidus
1079 2392 1173 2442 situ,

434 2455 633 2509 canisque
659 2471 785 2497 saeva
811 2470 965 2509 susque
991 2455 1129 2510 ligneo
1156 2454 1230 2495 tibi

432 2518 594 2559 lutosus
621 2518 844 2560 adfricabit
869 2518 1047 2559 oblitum
1072 2518 1193 2559 latus.

434 2588 475 2622 at
500 2596 524 2621 o
551 2581 725 2623 sceleste
752 2581 884 2636 penis,
910 2596 934 2622 o
961 2596 1100 2622 meum
1125 2580 1296 2632 malum,

249 2647 295 2682 20
433 2644 553 2698 gravi
577 2644 729 2699 piaque
754 2644 849 2700 lege
873 2644 1041 2686 noxiam
1067 2644 1170 2686 lucs-
