1715 2844
181 131 282 161 XXII
625 134 680 160 DE
699 133 862 160 TIBULLI
880 131 978 161 VITA
993 132 1047 159 ΕΤ
1064 130 1181 159 POESI

269 209 355 244 hinc
372 219 473 244 soror
491 207 530 243 in
546 210 688 254 partem
703 206 838 241 misera
855 217 938 241 cum
954 207 1070 240 matre
1088 204 1221 240 doloris

315 255 416 290 venit
432 254 618 289 inornatas
636 252 813 288 dilaniata
830 263 969 287 comas:

275 312 428 346 cumque
445 300 518 335 tuis
536 311 602 334 sua
617 299 812 334 iunxerunt
827 297 1069 343 Nemesisque
1086 297 1259 343 priorque

319 348 444 382 oscula
460 357 529 381 nec
545 346 640 380 solos
658 345 856 380 destituere
873 354 992 390 rogos.

209 394 254 430 55
277 393 389 428 Delia
406 392 631 427 descendens
649 391 828 426 ‘felicius’
846 389 965 435 inquit
981 391 1121 424 ‘amata

321 451 400 473 sum
417 438 502 473 tibi:
520 437 654 482 vixisti,
673 438 759 472 dum
775 440 858 471 tuus
875 435 972 482 ignis
990 435 1113 470 eram.’

274 485 332 520 cui
350 484 516 520 Nemesis
534 483 655 529 ‘quid'
674 483 726 518 ait
743 483 829 517 ‘tibi
846 486 930 516 sunt
946 492 1028 516 mea
1045 482 1179 516 damna
1197 480 1339 517 dolori?

319 542 376 565 me
393 530 512 565 tenuit
528 530 686 564 moriens
704 529 897 563 deficiente
914 527 1047 562 manu.’

275 577 304 611 si
321 581 443 611 tamen
461 587 480 611 e
498 576 602 610 nobis
619 575 758 620 aliquid
775 575 845 608 nisi
862 585 992 609 nomen
1011 577 1047 608 et
1062 574 1191 608 umbra

209 625 254 659 60
324 626 450 667 restat,
468 623 505 656 in
522 622 649 667 Elysia
665 621 760 655 valle
778 620 948 655 Tibullus
967 620 1045 654 erit.

275 669 405 704 obvius
422 667 508 703 huic
523 667 660 711 venias,
678 667 816 701 hedera
832 666 1017 701 iuvenalia
1034 666 1174 700 cinctus

320 718 487 760 tempora
503 725 585 749 cum
603 712 726 757 Calvo,
747 713 853 747 docte
872 710 1028 756 Catulle,
1046 715 1120 756 tuo,

276 764 316 795 tu
333 771 488 806 quoque,
507 760 537 794 si
554 760 688 794 falsum
706 762 761 793 est
777 758 945 793 temerati
963 757 1098 792 crimen
1116 757 1236 803 amici,

323 806 512 852 sanguinis
530 809 640 851 atque
658 805 801 839 animae
819 804 974 850 prodige
993 802 1100 838 Galle
1117 807 1213 838 tuae.

209 854 254 889 65
278 853 334 887 his
352 864 472 887 eomes
489 852 618 886 umbra
635 855 699 885 tua
716 854 781 885 est.
819 850 849 884 si
867 861 940 896 qua
956 853 1013 885 est
1028 850 1135 885 modo
1153 850 1313 896 corporis
1330 849 1474 893 umbra,

323 899 457 934 auxisti
476 908 657 941 numeros,
677 897 772 932 culte
791 896 952 941 Tibulle,
969 897 1060 941 pios.

278 956 359 980 ossa
377 944 514 990 quieta,
533 954 673 989 precor,
691 946 772 977 tuta
788 942 1006 988 requiescite
1022 942 1061 976 in
1076 953 1179 987 urna,

327 994 364 1025 et
380 991 427 1025 sit
445 991 575 1024 humus
594 990 707 1024 cineri
723 999 795 1024 non
812 999 964 1024 onerosa
980 992 1052 1023 tuo.

187 1062 292 1096 Idem
309 1061 432 1094 Amor.
452 1059 470 1093 I
488 1059 542 1103 15,
560 1058 604 1093 27

283 1129 398 1163 donec
417 1131 523 1162 erunt
538 1127 644 1173 ignes
662 1137 840 1172 arcusque
859 1125 1051 1171 Cupidinis
1070 1137 1182 1171 arma,

326 1174 511 1209 discentur
527 1173 680 1218 numeri,
699 1173 795 1208 culte
813 1172 972 1217 Tibulle,
990 1173 1055 1206 tui.

192 1239 297 1273 Idem
313 1238 392 1272 Art.
411 1248 479 1271 am.
498 1237 557 1271 III
574 1237 641 1272 333

281 1305 318 1336 et
333 1301 449 1336 teneri
467 1300 584 1345 possis
603 1310 750 1334 carmen
765 1298 901 1344 legisse
919 1297 1104 1343 Properti,

326 1347 402 1382 sive
419 1346 561 1391 aliquid
579 1344 691 1390 Galli,
709 1345 796 1389 sive,
816 1344 979 1389 Tibulle,
996 1348 1108 1379 tuum.

189 1412 293 1447 Idem
310 1411 390 1445 Art.
411 1421 480 1444 am.
499 1409 557 1443 III
574 1409 642 1444 535

284 1485 350 1508 nos
366 1473 521 1507 facimus
538 1471 697 1518 placitae
715 1471 788 1506 late
832 1470 1003 1505 raeconia
1020 1470 1176 1505 formae:

327 1530 457 1553 nomen
473 1518 587 1553 habet
604 1516 782 1562 Nemesis,
831 1516 963 1562 ynthia
979 1527 1110 1552 nomen
1127 1517 1249 1552 habet.

192 1583 296 1619 Idem
313 1582 415 1617 Rem.
435 1592 504 1615 am.
524 1580 590 1615 763

288 1644 450 1680 carmina
468 1643 548 1689 quis
566 1642 686 1688 potuit
702 1645 780 1677 tuto
796 1641 931 1688 legisse
950 1641 1103 1685 Tibulli,

330 1691 389 1725 vel
405 1694 480 1733 tua,
500 1689 602 1724 cuius
620 1700 711 1734 opus
730 1687 891 1734 Cynthia
908 1688 985 1722 sola
1002 1686 1097 1721 fuit?

289 1736 370 1782 quis
387 1736 524 1782 poterit
540 1735 635 1769 lecto
655 1734 765 1769 durus
784 1734 973 1768 discedere
992 1732 1125 1768 Gallo?

331 1786 368 1817 et
383 1793 466 1816 mea
482 1781 605 1816 nescio
624 1780 712 1826 quid
730 1780 891 1815 carmina
907 1780 980 1814 tale
999 1782 1139 1813 sonant.

193 1847 302 1882 Idem
319 1844 433 1879 Trist.
451 1845 488 1879 Π
505 1845 573 1879 445

288 1919 361 1943 non
378 1908 449 1942 fuit
465 1906 661 1953 opprobrio
678 1906 884 1942 celebrasse
900 1905 1087 1951 Lycorida
1105 1903 1225 1951 Gallo,

331 1954 395 1988 sed
412 1954 576 1999 linguam
593 1952 705 1987 nimio
722 1964 793 1987 non
809 1951 970 1986 tenuisse
988 1961 1098 1985 mero.

288 2001 437 2035 credere
454 2000 589 2033 iuranti
607 2000 736 2033 durum
754 2001 860 2044 putat
876 2008 954 2032 esse
973 1997 1154 2041 Tibullus,

334 2047 387 2080 sic
405 2046 516 2079 etiam
534 2046 579 2080 de
598 2056 635 2079 se
654 2045 751 2090 quod
768 2047 881 2089 neget
896 2043 961 2077 illa
977 2042 1072 2077 viro:

290 2091 418 2126 fallere
437 2092 606 2125 custodes
623 2091 721 2125 idem
739 2090 905 2124 docuisse
923 2089 1071 2133 fatetur,

196 2139 264 2173 450
336 2148 447 2182 seque
465 2148 530 2171 sua
546 2137 718 2171 miserum
734 2147 831 2170 nunc
848 2135 900 2169 ait
917 2139 994 2169 arte
1013 2134 1147 2179 premi:

290 2194 414 2228 saepe,
432 2184 532 2217 velut
549 2194 731 2229 gemmam
749 2182 917 2217 dominae
934 2181 1122 2226 signumve
1140 2180 1324 2225 probaret,

334 2240 400 2274 per
418 2240 563 2263 causam
580 2227 745 2263 meminit
761 2239 799 2262 se
816 2227 981 2272 tetigisse
998 2237 1161 2260 manum:

288 2278 401 2320 utque
419 2274 542 2318 refert,
560 2274 688 2320 digitis
705 2284 815 2318 saepe
834 2276 889 2306 est
906 2276 1066 2317 nutuque
1085 2272 1225 2306 locutus

337 2325 373 2355 et
388 2320 540 2354 tacitam
556 2330 704 2354 mensae
722 2319 824 2353 duxit
840 2319 878 2352 in
895 2318 982 2352 orbe
999 2321 1138 2352 notam:

199 2368 266 2402 455
293 2370 329 2401 et
346 2367 478 2411 quibus
496 2377 516 2401 e
534 2366 628 2400 sucis
647 2366 756 2400 abeat
773 2365 818 2398 de
836 2374 986 2409 corpore
1004 2364 1107 2408 livor,

340 2412 517 2457 impresso
534 2411 615 2446 fieri
632 2411 694 2456 qui
712 2411 805 2445 solet
821 2420 893 2453 ore,
912 2410 1035 2443 docet:

293 2458 450 2503 denique
469 2457 515 2491 ab
533 2457 679 2491 incauto
697 2455 847 2490 nimium
863 2455 958 2501 petit
973 2455 1034 2488 ille
1052 2453 1194 2499 marito,

338 2514 377 2539 se
395 2514 538 2549 quoque
555 2503 609 2537 uti
626 2506 755 2546 servet,
773 2505 901 2548 peccet
917 2504 958 2534 ut
973 2500 1036 2534 illa
1053 2500 1183 2534 minus.

294 2549 373 2594 scit,
392 2549 450 2584 cui
468 2550 631 2593 latretur,
650 2560 731 2583 cum
748 2548 844 2583 solus
861 2546 1072 2581 obambulat
1088 2546 1179 2591 ipse,

201 2596 270 2632 460
340 2596 398 2630 cui
416 2595 547 2629 totiens
565 2595 708 2629 clausas
726 2596 888 2629 ‹exscreet
904 2596 987 2627 ante
1006 2592 1119 2626 fores:

294 2642 480 2686 multaque
499 2641 562 2675 dat
577 2640 663 2675 furti
682 2640 766 2675 talis
783 2642 981 2685 praecepta
998 2638 1187 2683 docetque,

341 2699 412 2733 qua
428 2690 565 2734 nuptae
582 2686 722 2733 possint
738 2686 867 2722 fallere
884 2685 932 2721 ab
949 2688 1027 2720 arte
1044 2684 1151 2720 viros.
