1715 2844
255 150 308 193 12
868 160 942 196 14.
969 162 992 197 5

253 250 296 284 at
320 242 392 297 qui
416 257 501 285 non
527 243 645 285 audit
669 243 833 293 Musas,
859 244 931 298 qui
956 243 1100 286 vendit
1125 257 1322 294 amorem,

308 306 462 348 Idaeae
488 321 634 348 currus
659 306 728 348 ille
754 314 953 361 sequatur
979 305 1087 362 Opis

252 375 293 410 et
318 376 578 411 tercentenas
605 370 816 411 erroribus
842 370 1007 425 expleat
1031 370 1156 412 urbes

184 435 228 470 70
309 440 349 474 et
374 441 486 474 secet
511 433 565 474 ad
592 432 807 488 Phrygios
831 433 930 474 vilia
953 433 1142 474 membra
1165 432 1325 474 modos.

255 494 468 536 blanditiis
494 496 583 536 vult
609 510 700 536 esse
725 496 865 537 locum
890 497 1036 538 Venus
1061 496 1170 551 ipsa:
1196 494 1375 549 querelis

309 558 583 614 supplicibus,
609 558 772 600 miseris
797 559 964 600 fletibus
988 559 1061 600 illa
1085 558 1225 600 favet?

254 620 358 662 haec
383 621 498 670 mihi,
525 635 634 675 quae
660 636 854 663 canerem
879 621 1005 670 Titio,
1031 621 1133 662 deus
1160 621 1288 662 edidit
1312 635 1401 662 ore:

309 684 383 726 sed
407 684 568 725 Titium
595 684 777 726 coniunx
803 684 908 726 haec
932 684 1171 726 meminisse
1196 691 1320 725 vetat.

184 757 228 791 75
252 755 397 802 pareat
421 747 490 789 ille
517 763 635 789 suae:
662 762 736 788 vos
762 762 829 789 me
855 747 1061 789 celebrate
1085 747 1347 802 magistrum,

309 825 413 864 quos
438 810 547 852 male
573 810 700 852 habet
724 811 856 851 multa
881 810 1056 851 callidus
1082 817 1169 851 arte
1194 824 1310 864 puer.

253 873 387 928 gloria
411 873 563 928 cuique
588 889 665 914 sua
689 881 770 915 est:
797 888 877 922 me,
903 873 975 927 qui
1001 880 1262 928 spernentur,
1290 878 1476 913 amantes

310 937 566 978 consultent:
593 936 753 978 eunctis
779 936 905 977 ianua
929 943 1070 977 nostra
1093 943 1221 991 patet.

252 1007 418 1055 tempus
444 1000 534 1049 erit,
561 1014 658 1041 cum
683 1015 749 1041 me
774 999 951 1042 Veneris
977 1006 1201 1054 praecepta
1225 999 1427 1040 ferentem

183 1067 228 1102 80
309 1063 491 1105 deducat
514 1063 714 1104 iuvenum
743 1062 890 1104 sedula
915 1062 1040 1103 turba
1064 1077 1219 1103 senem.

250 1125 334 1168 heu
358 1126 441 1168 heu
465 1141 594 1180 quam
618 1126 844 1167 Marathus
869 1126 981 1166 lento
1006 1140 1073 1166 me
1097 1121 1446 1179 torquetaeamore!

308 1190 507 1232 deficiunt
532 1197 654 1239 artes,
681 1189 963 1242 deficiuntque
988 1188 1084 1229 doli.

250 1268 388 1308 parce,
415 1268 534 1308 puer,
560 1267 730 1306 quaeso,
757 1267 808 1293 ne
835 1251 968 1306 turpis
994 1251 1138 1292 fabula
1162 1250 1272 1300 fiam,

309 1332 405 1359 cum
429 1331 524 1359 mea
548 1315 744 1357 ridebunt
768 1330 878 1357 vana
901 1314 1155 1370 magisteria.

902 1544 957 1586 V.

253 1632 393 1686 Asper
418 1645 532 1673 eram
558 1636 598 1672 et
622 1630 731 1672 bene
757 1629 978 1671 discidium
1005 1643 1072 1670 me
1097 1628 1206 1670 ferre
1230 1627 1450 1682 loquebar:

309 1701 351 1735 at
375 1693 477 1734 mihi
502 1708 614 1735 nunc
640 1694 764 1748 longe
789 1692 924 1748 gloria
948 1692 1066 1733 fortis
1092 1692 1223 1733 abest.

251 1771 432 1811 namque
458 1772 573 1812 agor,
599 1764 646 1797 ut
670 1771 745 1811 per
769 1756 896 1811 plana
920 1755 1026 1796 citus
1053 1755 1142 1796 sola
1166 1754 1340 1796 verbere
1366 1753 1528 1802 turben,

308 1835 433 1874 quem
459 1820 569 1862 celer
593 1820 768 1861 adsueta
792 1826 931 1860 versat
957 1818 1010 1859 ab
1035 1825 1123 1860 arte
1149 1833 1265 1873 puer.

205 1890 228 1924 5
252 1898 326 1924 ure
351 1883 488 1924 ferum
514 1890 554 1924 et
578 1889 741 1936 torque,
767 1882 895 1923 libeat
919 1896 972 1923 ne
998 1881 1135 1922 dicere
1160 1881 1384 1934 quicquam

308 1946 579 2002 magnificum
604 1953 698 2000 post
722 1945 846 1986 haec:
873 1944 1041 1986 horrida
1065 1944 1194 1985 verba
1218 1943 1353 1984 doma.

252 2024 377 2065 parce
401 2017 554 2059 tamen,
580 2023 656 2063 per
681 2016 722 2050 te
747 2007 891 2049 furtivi
916 2007 1086 2049 foedera
1110 2006 1220 2056 lecti,

309 2088 384 2127 per
407 2072 617 2115 Venerem
644 2086 801 2125 quaeso
826 2070 1187 2125 compositumque
1212 2079 1349 2123 caput.

252 2136 321 2177 ille
346 2150 439 2191 ego,
464 2151 561 2177 cum
586 2134 691 2175 tristi
716 2134 862 2175 morbo
888 2134 1054 2174 defessa
1077 2133 1247 2180 iaceres,

185 2206 229 2240 10
309 2206 349 2240 te
374 2198 489 2240 dicor
513 2198 621 2239 votis
647 2196 846 2252 eripuisse
872 2196 993 2237 meis:

252 2262 426 2317 ipseque
451 2268 492 2303 te
517 2261 675 2302 circum
700 2258 873 2300 lustravi
900 2258 1058 2300 sulfure
1083 2272 1203 2312 puro,

311 2324 494 2365 carmine
520 2338 616 2364 cum
641 2322 805 2376 magico
831 2321 1132 2377 praecinuisset
1157 2334 1279 2361 anus:

251 2388 340 2443 ipse
364 2386 585 2442 procuravi
610 2400 662 2426 ne
688 2392 857 2440 possent
884 2399 1009 2425 saeva
1033 2397 1182 2424 nocere

309 2450 483 2497 somnia,
511 2457 573 2490 ter
598 2456 743 2490 sancta
769 2446 1061 2490 deveneranda
1086 2446 1214 2486 mola:

184 2520 228 2554 15
251 2515 340 2570 ipsc
366 2528 445 2568 ego
471 2512 631 2553 velatus
657 2511 726 2552 filo
753 2510 987 2564 tunicisque
1013 2509 1156 2550 solutis

308 2584 406 2618 vota
429 2590 581 2617 novem
606 2573 775 2615 Triviae
801 2581 922 2614 nocte
948 2573 1095 2613 silente
1121 2571 1229 2613 dedi.

252 2639 392 2681 omnia
416 2637 614 2693 persolvi:
641 2636 792 2677 fruitur
816 2650 927 2677 nunc
953 2635 1056 2676 alter
1081 2649 1235 2684 amore,

308 2711 349 2743 ct
374 2700 568 2756 precibus
594 2698 693 2740 felix
720 2699 849 2740 utitur
873 2698 941 2739 ille
967 2697 1082 2738 meis.
