1715 2844
278 103 334 147 56
727 111 787 149 111
803 112 937 148 16—18
961 111 1029 157 (IV
1045 111 1193 157 10—12)

187 250 242 286 IV
256 251 300 287 10
891 239 1019 283 XVI.

338 320 519 364 Gratum
545 328 619 370 est,
645 335 816 362 securus
841 321 1021 361 multum
1046 319 1159 373 quod
1183 319 1267 360 iam
1291 318 1368 360 tibi
1393 318 1445 361 de
1467 333 1535 360 me

391 384 609 439 permittis,
637 384 775 424 subito
801 399 853 424 ne
878 383 988 424 male
1013 383 1155 437 inepta
1181 382 1342 423 eadam.

337 447 388 488 sit
413 447 488 487 tibi
514 461 614 487 eura
638 454 762 501 togae
787 446 922 500 potior
945 459 1220 500 pressumque
1246 444 1423 498 quasillo

393 517 575 551 scortum
601 523 729 563 quam
755 507 877 550 Servi
901 508 986 549 filia
1012 507 1211 563 Sulpicia.

335 573 498 614 solliciti
523 580 620 613 sunt
645 587 720 627 pro
745 572 879 620 nobis,
906 571 1058 625 quibus
1083 571 1154 611 illa
1179 570 1331 612 doloris

392 651 444 678 ne
470 635 617 678 cedam
641 635 788 691 ignoto
812 633 997 675 maxima
1021 648 1147 675 causa
1170 641 1274 675 toro.

231 576 253 610 Ul

184 881 238 916 1V
253 881 295 916 11
880 868 1032 912 XVII.

334 950 467 992 Estne
492 949 581 999 tibi,
610 948 824 999 Cerinthe,
851 956 947 990 tuae
972 949 1043 1003 pia
1067 963 1167 990 cura
1191 947 1369 1002 puellae,

390 1013 503 1068 quod
527 1028 622 1054 mea
645 1027 757 1054 nuno
782 1021 908 1054 vexat
935 1025 1110 1067 corpora
1133 1010 1244 1052 fessa
1269 1010 1405 1051 calor?

334 1093 359 1118 a
385 1092 463 1131 ego
489 1091 574 1117 non
600 1075 718 1117 aliter
743 1075 881 1117 tristes
907 1075 1097 1116 evincere
1122 1073 1289 1114 morbos

389 1139 580 1195 optarim,
607 1153 735 1192 quam
759 1146 799 1179 te
825 1138 859 1179 si
883 1152 1051 1192 quoque
1076 1136 1183 1177 velle
1207 1143 1363 1191 putem.

229 1208 250 1241 5
332 1212 373 1245 at
398 1202 500 1243 mihi
525 1202 627 1256 quid
652 1201 780 1257 prosit
805 1201 974 1242 morbos
1000 1199 1204 1248 evincere,
1230 1201 1266 1239 si
1290 1206 1336 1239 tu

387 1274 530 1307 nostra
554 1272 673 1320 potes
699 1265 811 1306 lento
836 1272 1004 1319 pectore
1028 1262 1137 1305 ferre
1161 1261 1295 1303 mala?

182 1511 236 1547 IV
250 1511 293 1545 12
865 1496 1039 1540 XVIII.

330 1580 395 1622 Ne
420 1581 496 1621 tibi
521 1579 612 1628 sim,
638 1593 733 1620 mea
757 1577 843 1627 lux,
870 1592 1002 1631 aeque
1027 1577 1110 1618 iam
1136 1575 1296 1618 fervida
1321 1591 1435 1626 eura,

388 1659 437 1685 ao
462 1644 607 1685 videor
631 1656 787 1697 paucos
815 1648 910 1682 ante
935 1640 1065 1681 fuisse
1091 1639 1192 1689 dies,

331 1707 365 1748 si
390 1707 616 1761 quicquam
642 1713 730 1746 tota
755 1704 943 1746 commisi
969 1703 1096 1744 stulta
1120 1703 1305 1752 iuventa,

389 1770 506 1811 cuius
532 1784 598 1810 me
624 1769 756 1810 fatear
781 1767 1035 1823 paenituisse
1060 1765 1209 1821 magis,

332 1832 525 1874 hesterna
550 1848 677 1886 quam
702 1839 743 1873 te
768 1831 903 1872 solum
929 1829 1043 1883 quod
1067 1836 1189 1870 nocte
1214 1828 1377 1882 reliqui,

389 1896 578 1937 ardorem
605 1895 777 1950 cupiens
804 1893 1065 1935 dissimulare
1090 1907 1243 1934 meum.

227 1838 249 1872 cx
