1667 2909
725 112 810 148 114

85 198 158 235 aut
180 192 343 249 rapiam
368 209 571 250 suspensa
596 194 723 237 sacris
747 194 930 250 insignia
953 194 1080 235 fanis:

142 257 217 298 sed
241 257 388 300 Venus
414 265 510 300 ante
536 258 637 300 alios
663 265 726 300 est
750 257 946 298 violanda
970 257 1086 298 mihi.

83 318 156 361 illa
179 320 338 362 malum
363 320 527 363 facinus
553 321 700 362 suadet
727 319 1023 374 dominamque
1048 333 1245 374 rapacem

142 382 215 424 dat
238 383 360 425 mihi:
386 383 613 439 sacrilegas
638 383 788 425 sentiat
812 383 884 424 illa
908 397 1070 424 manus.

84 459 109 486 o
132 453 290 502 pereat,
316 447 571 501 quicumque
595 446 698 502 legit
722 445 962 500 viridesque
988 444 1233 500 smaragdos

142 516 183 551 et
206 510 373 551 niveam
397 509 528 565 Tyrio
552 509 711 551 murice
736 509 860 564 tingit
884 524 1020 550 ovem.

84 570 152 613 hic
177 572 248 613 dat
269 572 472 615 avaritiae
498 587 646 614 causas
672 580 713 614 et
739 570 831 614 Coa
856 572 1006 627 puellis

141 635 267 677 vestis
293 642 334 677 et
358 651 380 677 e
405 635 532 677 rubro
556 635 697 677 lucida
721 635 882 677 concha
908 635 1025 676 mari.

84 697 188 740 haec
212 698 350 741 fecere
374 699 526 741 malas:
553 699 650 741 hinc
676 699 826 741 clavim
851 699 978 740 ianua
1002 698 1131 740 sensit

141 769 182 803 et
207 762 344 817 coepit
369 770 509 804 custos
534 762 688 804 liminis
715 777 806 804 esse
832 762 960 804 canis.

84 824 158 866 sed
182 825 361 880 pretium
387 825 421 866 si
446 825 606 881 grande
632 825 756 875 feras,
783 825 974 867 custodia
998 824 1109 866 victa
1135 830 1210 873 est,

140 902 218 929 nec
242 888 465 943 prohibent
491 889 644 938 claves,
672 896 713 930 et
738 889 852 930 canis
877 888 967 943 ipse
992 894 1114 930 tacet.

83 950 167 994 heu
191 952 448 1006 quicumque
473 952 588 993 dedit
611 951 792 994 formam
818 951 1008 994 caelestis
1035 966 1200 1000 avarae,

141 1015 265 1068 quale
290 1015 447 1056 bonum
472 1015 614 1057 multis
639 1015 777 1057 attulit
801 1016 869 1056 ille
895 1014 1033 1056 malis!

84 1076 182 1119 hinc
206 1077 328 1120 fletus
352 1078 552 1133 rixaeque
578 1086 741 1128 sonant,
768 1078 873 1121 haec
898 1078 1079 1132 denique
1105 1092 1233 1120 causa

139 1140 241 1183 fecit
264 1148 311 1183 ut
333 1141 501 1183 infamis
526 1158 631 1183 nunc
656 1142 759 1184 deus
787 1149 896 1183 esset
922 1142 1068 1183 Amor.

84 1210 127 1246 at
151 1203 241 1254 tibi,
267 1219 375 1259 quae
399 1205 533 1260 pretio
559 1205 691 1247 victos
718 1205 906 1247 excludis
935 1211 1137 1254 amantes,

142 1267 320 1323 eripiant
344 1275 485 1323 partas
511 1276 661 1310 ventus
688 1275 727 1310 et
751 1268 860 1323 ignis
887 1283 1006 1323 opes:

84 1330 184 1386 quin
210 1340 283 1372 tua
306 1340 406 1373 tunc
436 1331 610 1374 iuvenes
636 1339 825 1387 spectent
849 1330 1042 1373 incendia
1067 1331 1177 1380 laeti,

140 1409 218 1436 nec
243 1394 466 1449 quisquam
490 1395 685 1437 flammae
711 1395 882 1437 sedulus
909 1395 1036 1436 addat
1061 1408 1228 1448 aquam.

85 1472 159 1500 seu
183 1457 323 1499 veniet
347 1458 423 1499 tibi
447 1473 573 1508 mors,
599 1473 676 1500 nec
702 1459 779 1501 erit
804 1458 877 1512 qui
901 1459 1045 1514 lugeat
1070 1457 1194 1506 ullus,

140 1536 218 1563 nec
242 1521 315 1575 qui
339 1521 410 1563 det
434 1529 616 1564 maestas
640 1537 793 1563 munus
818 1522 861 1562 in
887 1521 1120 1575 exsequias.

85 1590 128 1626 at
153 1584 262 1625 bona
286 1598 395 1638 quae
420 1599 498 1626 nec
523 1600 651 1627 avara
675 1585 768 1634 fuit,
795 1592 964 1627 centum
990 1585 1088 1626 licet
1114 1598 1245 1626 annos

142 1646 306 1696 vixerit,
332 1646 550 1689 ardentem
574 1647 745 1689 flebitur
771 1655 868 1690 ante
892 1662 1063 1703 rogum:

85 1716 212 1764 atque
237 1709 388 1764 aliquis
415 1710 553 1752 senior
578 1718 740 1753 veteres
766 1719 991 1753 veneratus
1018 1724 1180 1752 amores

142 1788 283 1815 annua
308 1780 546 1815 constructo
572 1782 683 1815 serta
709 1774 826 1815 dabit
852 1774 1014 1815 tumulo

86 1843 125 1878 et
152 1836 296 1879 ‘bene’
324 1836 543 1879 discedens
569 1837 680 1879 dicet
705 1837 975 1893 ‘placideque
1001 1836 1206 1890 quiescas,

142 1906 338 1954 terraque
363 1915 537 1942 securae
562 1900 614 1942 sit
639 1916 766 1956 super
790 1915 885 1942 ossa
908 1900 1039 1942 levis.’

85 1977 187 2005 vera
211 1963 382 2017 quidem
406 1978 572 2014 moneo,
598 1964 672 2006 sed
696 1971 872 2019 prosunt
897 1963 1000 2018 quid
1025 1963 1127 2005 mihi
1153 1964 1276 2005 vera?

141 2026 253 2067 illius
280 2033 341 2068 est
366 2026 488 2068 nobis
512 2027 608 2082 lege
633 2027 834 2069 colendus
861 2041 991 2068 amor.

87 2089 190 2144 quin
215 2089 341 2131 etiam
367 2090 488 2132 sedes
513 2090 659 2132 iubeat
683 2090 717 2132 si
742 2091 924 2132 vendere
951 2090 1099 2140 avitas,

142 2152 200 2194 ite
225 2152 306 2194 sub
330 2152 555 2208 imperium
581 2153 660 2194 sub
687 2154 955 2208 titulumque,
981 2153 1103 2195 lares.

86 2215 293 2269 quidquid
317 2215 445 2258 habet
471 2214 608 2266 Circe,
635 2216 842 2271 quidquid
865 2216 1023 2258 Medea
1051 2216 1216 2266 veneni,

144 2278 350 2332 quidquid
375 2286 415 2321 et
439 2278 667 2321 herbarum
693 2279 899 2321 Thessala
923 2287 1034 2321 terra
1057 2280 1178 2334 gerit,

88 2347 131 2382 et
154 2341 281 2395 quod,
309 2341 380 2382 ubi
404 2342 617 2384 indomitis
642 2343 845 2398 gregibus
871 2343 1018 2385 Venus
1048 2343 1176 2383 adflat
1201 2357 1377 2392 amores,

146 2403 419 2458 hippomanes
445 2405 622 2460 cupidae
648 2405 777 2447 stillat
802 2406 855 2446 ab
880 2405 1052 2461 inguine
1078 2420 1224 2459 equae,

89 2465 124 2508 si
149 2466 274 2507 modo
298 2481 366 2508 me
389 2466 555 2522 placido
581 2468 722 2510 videat
746 2468 939 2510 Nemesis
966 2483 1061 2509 mea
1085 2469 1217 2517 vultu,

145 2527 258 2570 mille
284 2528 386 2570 alias
411 2529 563 2572 herbas
589 2531 764 2572 misceat
787 2531 871 2580 illa,
898 2530 1053 2572 bibam.

1390 99 1445 142 31

1474 321 1520 356 25

1477 642 1522 676 30

1479 959 1523 993 35

1478 1276 1525 1310 40

1480 1906 1524 1940 50

1479 2541 1523 2576 (30
