1667 2909
408 576 662 630 LIBER
697 576 1066 628 TERTIUS.

720 748 756 790 Ι.

59 850 212 892 Martis
237 851 418 892 Romani
442 850 574 893 festae
600 865 752 892 venere
776 849 1000 891 kalendae:

120 914 310 956 exoriens
335 914 487 956 nostris
513 914 581 955 hic
606 914 685 955 fuit
711 928 844 954 annus
871 913 977 953 avis:

60 986 100 1019 et
124 992 234 1034 vaga
258 992 370 1019 nunc
396 985 508 1019 certa
533 977 773 1018 discurrunt
797 976 983 1029 undique
1009 990 1164 1030 pompa

115 1055 273 1096 perque
298 1041 387 1081 vias
412 1040 527 1081 urbis
552 1055 729 1081 munera
753 1053 911 1094 perque
937 1039 1096 1079 domos.

60 1103 197 1152 dicite,
221 1103 425 1153 Pierides,
452 1118 636 1158 quonam
661 1103 839 1143 donetur
864 1102 1021 1143 honore

116 1181 191 1209 seu
215 1182 322 1217 mea,
348 1182 423 1208 seu
447 1166 583 1217 fallor,
610 1182 706 1208 cara
730 1165 898 1207 Neaera
922 1174 1075 1206 tamen.

60 1230 243 1272 carmine
268 1230 491 1279 formosae,
516 1230 650 1285 pretio
676 1229 897 1284 capiuntur
923 1244 1091 1270 avarae:

117 1293 314 1349 gaudeat,
338 1302 385 1334 ut
411 1293 539 1348 digna
564 1301 638 1342 est,
664 1292 854 1334 versibus
879 1292 950 1332 illa
975 1292 1091 1333 meis.

59 1356 174 1398 lutea
198 1356 272 1398 sed
296 1356 466 1398 niveum
490 1356 677 1397 involvat
700 1355 948 1397 membrana
973 1355 1175 1403 libellum,

111 1435 263 1475 pumex
288 1427 329 1461 et
354 1435 479 1462 canas
504 1419 676 1461 tondeat
701 1426 796 1460 ante
823 1433 963 1460 comas

61 1497 308 1537 summaque
333 1490 549 1538 praetexat
574 1482 710 1524 tenuis
736 1481 904 1537 fastigia
929 1481 1110 1530 chartae,

117 1546 273 1587 indicet
297 1553 344 1587 ut
368 1560 521 1587 nomen
546 1545 682 1587 littera
707 1545 820 1586 facta
843 1560 985 1593 meum,

63 1616 188 1664 atque
211 1609 319 1651 inter
343 1609 531 1665 geminas
556 1609 784 1665 pingantur
809 1623 967 1649 cornua
990 1607 1167 1648 frontes:

118 1673 178 1715 sic
201 1672 356 1715 etenim
381 1680 595 1728 comptum
619 1672 783 1714 mittere
809 1679 972 1726 oportet
997 1685 1115 1725 opus.

61 1750 136 1791 per
159 1749 249 1785 vos,
274 1742 463 1777 auctores
489 1735 613 1776 huius
638 1734 741 1776 mihi
766 1734 974 1782 carminis,
1001 1748 1072 1774 oro

121 1797 436 1853 Castaliamque
460 1798 654 1839 umbram
679 1797 927 1851 Pieriosque
952 1797 1081 1844 lacus,

61 1860 119 1903 ite
143 1861 315 1903 domum
341 1861 583 1915 cultumque
608 1860 667 1901 illi
693 1860 845 1901 donate
870 1859 1072 1908 libellum,

120 1924 227 1966 sicut
251 1924 346 1967 erit:
376 1923 517 1965 nullus
544 1923 699 1964 defluat
723 1923 819 1964 inde
846 1923 970 1963 color.

62 1986 135 2028 illa
159 1986 262 2028 mihi
285 1986 450 2035 referet,
477 1986 512 2027 si
536 1986 666 2027 nostri
690 1993 837 2026 mutua
862 2000 962 2026 cura
986 1991 1061 2034 est,

121 2065 173 2091 an
198 2049 346 2099 minor,
372 2065 425 2090 an
451 2056 538 2089 toto
563 2056 731 2104 pectore
757 2047 995 2089 deciderim.

64 2112 138 2154 sed
162 2112 343 2168 primum
368 2112 561 2153 meritam
585 2112 704 2166 larga
729 2111 881 2152 donate
908 2111 1041 2151 salute

121 2182 246 2230 atque
270 2175 375 2217 haec
400 2174 607 2216 submisso
634 2174 758 2215 dicite
785 2174 912 2215 verba
937 2188 1057 2214 sono:

65 2237 190 2280 ‘haec
215 2238 291 2279 tibi
314 2238 378 2279 vir
402 2238 628 2292 quondam,
653 2252 765 2278 nunc
790 2237 932 2285 frater,
960 2245 1075 2277 casta
1100 2236 1277 2283 Neaera,

120 2300 247 2342 mittit
271 2308 312 2343 et
336 2301 516 2356 accipias
541 2315 716 2342 munera
740 2315 872 2355 parva
896 2309 1030 2354 rogat,

65 2370 190 2418 teque
217 2363 302 2404 suis
326 2363 436 2404 iurat
462 2378 602 2404 caram
626 2363 759 2417 magis
787 2378 876 2404 esse
901 2361 1109 2410 medullis,

123 2425 210 2467 sive
236 2425 316 2466 sibi
341 2425 522 2467 coniunx
549 2426 636 2467 sive
661 2426 802 2466 futura
827 2439 960 2466 soror:

67 2488 140 2531 sed
165 2487 303 2543 potius
329 2489 529 2529 coniunx:
557 2488 680 2530 huius
706 2503 824 2543 spem
850 2486 1028 2528 nominis
1053 2486 1111 2527 illi

125 2550 285 2592 auferet
309 2550 514 2592 exstincto
539 2551 696 2607 pallida
721 2550 833 2591 Ditis
861 2549 995 2602 aqua!

1450 1423 1494 1457 10

1453 2359 1498 2393 25
