1667 2909
748 183 812 219 16

103 279 187 306 neu
211 269 252 306 te
276 264 456 322 decipiat
480 272 598 314 nutu,
625 264 840 320 digitoque
863 264 1069 319 liquorem

160 342 213 369 ne
238 329 376 371 trahat
401 337 441 371 et
464 343 634 370 mensae
659 328 785 370 ducat
808 328 851 369 in
876 327 977 369 orbe
1001 334 1133 368 notas.

104 390 235 432 exibit
259 406 386 446 quam
411 407 548 447 saepe,
575 391 689 441 time,
714 406 789 433 seu
814 391 948 433 visere
974 391 1084 432 dicet

161 469 280 496 sacra
304 455 438 497 bonae
463 455 649 496 maribus
674 469 758 496 non
784 454 977 496 adeunda
1002 454 1117 496 deae.

105 523 146 558 at
171 517 273 559 mihi
297 518 332 559 si
356 517 515 568 credas,
539 517 653 559 illam
679 532 832 572 sequar
856 533 964 559 unus
990 517 1044 559 ad
1069 531 1180 558 aras:

161 587 260 624 tunc
284 580 386 622 mihi
409 595 492 622 non
518 581 648 622 oculis
675 581 727 622 sit
750 580 938 623 timuisse
962 580 1078 622 meiS.

105 657 242 698 saepe,
267 643 383 685 velut
406 658 596 699 gemmas
623 643 711 686 eius
737 643 990 700 signumque
1015 643 1251 699 probarem,

159 720 235 761 per
259 720 430 748 causam
453 706 625 749 memini
649 721 716 748 me
741 706 928 761 tetigisse
952 722 1142 748 manum:

105 783 230 824 saepe
253 783 369 811 mero
394 784 587 811 somnum
611 769 756 824 peperi
786 769 875 819 tibi,
902 777 944 810 at
969 769 1059 824 ipse
1085 768 1282 811 bibebam

161 831 301 874 sobria
325 832 540 888 supposita
565 832 717 888 pocula
742 832 874 874 victor
900 847 1022 886 aqua.

104 908 188 936 non
213 910 292 951 ego
317 903 359 938 te
382 896 485 938 laesi
509 895 713 951 prudens:
739 895 911 951 ignosce
936 895 1098 937 fatenti.

161 957 282 1000 iussit
306 973 442 1000 amor:
469 966 613 1001 contra
637 958 731 1013 quis
756 959 865 1001 ferat
891 974 1006 1000 arma
1032 958 1156 1000 deos?

103 1020 173 1063 ille
198 1036 277 1078 ego
303 1037 410 1072 sum,
435 1037 513 1064 nec
538 1037 605 1064 me
630 1022 715 1063 iam
741 1021 877 1064 dicere
903 1037 1002 1064 vera
1026 1021 1215 1077 pudebit,

161 1084 345 1127 instabat
369 1092 456 1127 tota
481 1084 549 1127 cui
573 1093 646 1127 tua
670 1093 792 1128 nocte
818 1085 945 1127 canis.

105 1147 208 1202 quid
232 1156 374 1190 tenera
397 1148 473 1190 tibi
499 1148 678 1205 coniuge
703 1149 834 1205 opus?
865 1156 938 1190 tua
963 1148 997 1190 si
1021 1148 1133 1191 bona
1157 1147 1293 1190 nescis

163 1226 343 1262 servare,
369 1211 525 1254 frustra
549 1212 676 1254 clavis
702 1212 810 1254 inest
833 1212 1007 1254 foribus.

105 1282 146 1317 te
170 1282 298 1326 tenet,
324 1276 516 1317 absentes
543 1276 646 1318 alios
673 1275 854 1331 suspirat
879 1291 1041 1318 amores

164 1346 205 1381 et
229 1339 397 1381 simulat
421 1339 559 1381 subito
586 1339 850 1381 condoluisse
876 1347 1014 1395 caput.

107 1409 149 1445 at
173 1402 279 1444 mihi
300 1402 550 1445 servandam
576 1403 738 1446 credas:
766 1418 850 1445 non
876 1419 1002 1445 saeva
1026 1417 1174 1445 recuso

163 1466 350 1515 verbera,
377 1466 562 1508 detrecto
586 1481 671 1508 non
698 1482 776 1523 ego
802 1466 939 1508 vincla
964 1466 1133 1521 pedum.

107 1537 197 1572 tum
221 1530 366 1586 procul
391 1529 549 1580 absitis,
576 1530 763 1585 quisquis
790 1530 887 1572 colit
912 1538 999 1572 arte
1025 1530 1211 1585 capillos,

165 1600 206 1636 et
229 1593 322 1635 fluit
345 1592 479 1635 effuso
505 1593 573 1634 cui
599 1601 698 1649 toga
722 1594 818 1634 laxa
843 1593 954 1634 sinu:

107 1656 295 1712 quisquis
320 1663 361 1698 et
385 1663 595 1705 occurret,
612 1672 666 1698 ne
690 1657 823 1711 possit
847 1656 1004 1698 crimen
1029 1656 1200 1706 habere,

165 1727 245 1762 stet
267 1719 414 1775 procul
439 1728 541 1768 ante,
568 1719 649 1761 alia
674 1727 755 1761 stet
779 1720 922 1775 procul
949 1728 1044 1761 ante
1069 1720 1149 1761 via.

108 1782 168 1825 sic
191 1782 280 1824 fieri
303 1782 421 1824 iubet
443 1782 533 1837 ipse
559 1782 676 1832 deus,
702 1782 761 1824 sic
786 1797 942 1838 magna
967 1782 1162 1824 sacerdos

164 1853 227 1888 est
250 1845 353 1887 mihi
378 1845 518 1887 divino
543 1845 770 1887 vaticinata
796 1860 910 1887 sono.

107 1909 211 1952 haec
240 1909 313 1950 ubi
337 1908 538 1950 Bellonae
564 1916 680 1950 motu
705 1916 767 1950 est
792 1909 962 1964 agitata,
989 1923 1065 1950 nec
1091 1923 1229 1950 acrem

163 1973 389 2022 flammam,
420 1986 505 2013 non
529 1986 673 2014 amens
698 1971 873 2013 verbera
898 1979 1007 2013 torta
1030 1971 1166 2014 timet:

106 2036 199 2092 ipsa
223 2034 403 2091 bipenne
428 2049 525 2076 suos
551 2034 687 2076 caedit
711 2034 894 2076 violenta
918 2035 1094 2076 lacertos

164 2098 452 2154 sanguineque
477 2097 610 2139 effuso
636 2097 795 2154 spargit
819 2098 952 2139 inulta
976 2098 1111 2146 deam,

108 2169 274 2216 statque
297 2161 407 2203 latus
432 2160 619 2216 praefixa
643 2175 758 2210 veru,
786 2168 867 2202 stat
892 2161 1034 2202 saucia
1057 2167 1216 2215 pectus,

166 2231 206 2267 et
230 2224 341 2266 canit
366 2231 552 2273 eventus,
578 2237 681 2278 quos
708 2223 786 2265 dea
810 2239 964 2278 magna
989 2230 1142 2264 monet.

108 2287 296 2343 ‘parcite,
322 2301 448 2341 quam
473 2286 653 2328 custodit
676 2287 824 2336 Amor,
850 2286 1006 2328 violare
1031 2286 1228 2341 puellam,

164 2365 217 2392 ne
242 2349 384 2405 pigeat
407 2364 561 2406 magno
587 2356 681 2405 post
707 2349 900 2391 didicisse
923 2349 1047 2390 malo.

109 2412 306 2468 attigerit,
330 2412 524 2454 labentur
549 2426 662 2467 opes,
688 2420 734 2453 ut
759 2412 932 2453 vulnere
957 2418 1099 2453 nostro

167 2474 350 2531 sanguis,
375 2482 422 2516 ut
444 2474 512 2516 hic
536 2475 671 2516 ventis
697 2474 972 2530 diripiturque
998 2474 1127 2516 cinis.'

110 2546 150 2580 et
174 2538 250 2579 tibi
274 2537 413 2580 nescio
439 2552 544 2591 quas
570 2538 686 2587 dixit,
712 2553 806 2579 mea
829 2537 969 2586 Delia,
996 2552 1173 2592 poenas:

170 2601 204 2642 si
228 2609 367 2642 tamen
392 2600 601 2649 admittas,
627 2600 678 2641 sit
703 2615 849 2656 precor
873 2600 944 2640 illa
968 2599 1082 2641 levis.

109 2678 196 2706 non
221 2678 300 2719 ego
325 2670 366 2704 te
391 2670 560 2718 propter
584 2677 710 2717 parco
736 2662 826 2712 tibi,
860 2661 932 2703 sed
957 2670 1029 2703 tua
1054 2670 1186 2704 mater

166 2741 233 2768 me
257 2732 396 2767 movet
421 2732 544 2779 atque
569 2724 651 2766 iras
678 2740 805 2768 aurea
830 2723 955 2766 vincit
983 2739 1100 2766 anus.

1410 169 1464 213 15

1488 328 1534 363 20

1489 647 1535 682 25

1493 963 1538 998 30

1494 1279 1539 1314 35

1492 1597 1538 1632 40

1493 1912 1538 1948 45

1493 2230 1538 2264 50
