1667 2909
0 0 63 94 f:

0 105 6 131 Γ
637 136 801 173 Π13.4

43 226 115 262 aut
138 227 186 262 ut
208 219 342 262 multa
365 219 448 263 mei
472 227 721 263 renovarent
745 220 892 273 iugera
915 217 1024 259 tauri

99 290 139 326 et
162 299 337 339 magnas
363 299 519 326 messes
544 291 654 325 terra
679 281 860 336 benigna
886 281 1016 329 daret,

41 346 116 388 sed
139 353 277 388 tecum
302 354 348 388 ut
372 347 521 402 longae
545 345 748 387 sociarem
773 343 926 399 gaudia
953 343 1062 383 vitae

97 408 224 464 inque
248 417 320 451 tuo
345 409 511 451 caderet
534 415 676 449 nostra
701 414 869 448 senecta
893 405 999 454 sinu,

40 477 131 513 tum
155 486 251 513 cum
275 486 494 527 permenso
520 470 744 512 defunctus
771 478 956 524 tempore
980 467 1086 509 lucis

96 535 235 576 nudus
259 533 449 576 Lethaea
473 548 644 588 cogerer
667 533 727 574 ire
751 534 865 573 rate?

40 612 139 638 nam
163 612 291 652 grave
315 597 417 651 quid
441 597 610 652 prodest
635 595 799 651 pondus
824 593 927 635 mihi
952 592 1092 634 divitis
1118 591 1221 641 auri,

98 674 280 714 arvaque
305 660 339 701 si
362 659 520 700 findant
546 659 721 714 pinguia
744 657 857 699 mille
882 657 1036 697 boves?

42 722 195 777 quidve
220 722 368 764 domus
392 722 562 777 prodest
585 721 784 776 Phrygiis
810 719 954 761 innixa
980 718 1199 767 columnis,

98 784 288 826 Taenare
313 785 400 826 sive
425 785 521 834 tuis,
546 784 634 826 sive
660 783 839 838 Caryste
863 783 959 831 tuis,

42 854 83 889 et
106 862 277 889 nemora
299 848 342 888 in
367 847 558 889 domibus
585 861 723 888 sacros
748 845 955 887 imitantia
979 845 1096 887 lucos

98 919 352 964 aurataeque
377 910 516 952 trabes
541 923 907 962 marmoreumque
934 908 1094 950 solum?

41 972 194 1027 quidve
219 973 261 1014 in
286 972 520 1028 Erythraeo
545 973 698 1028 legitur
722 987 831 1026 quae
855 972 975 1012 litore
1001 969 1162 1012 concha

98 1035 311 1090 tinctaque
338 1034 511 1078 Sidonio
535 1035 692 1077 murice
718 1035 814 1076 lana
839 1035 968 1083 iuvat,

43 1106 84 1140 et
108 1113 215 1152 quae
239 1108 453 1153 praeterea
477 1099 658 1154 populus
683 1098 882 1138 miratur?
914 1097 956 1137 in
980 1096 1060 1137 illis

98 1161 255 1202 invidia
280 1169 358 1203 est:
385 1161 490 1203 falso
515 1161 695 1216 plurima
720 1161 873 1215 vulgus
899 1167 1024 1200 amat.

41 1238 126 1266 non
150 1224 299 1279 opibus
325 1232 484 1265 mentes
510 1223 725 1264 hominum
752 1237 959 1276 curaeque
985 1222 1194 1264 levantur:

99 1301 197 1328 nam
222 1286 389 1328 fortuna
415 1302 491 1328 sua
515 1294 704 1341 tempora
728 1287 821 1341 lege
846 1285 965 1340 regit.

44 1348 95 1390 sit
119 1348 221 1390 mihi
246 1358 469 1404 paupertas
494 1356 634 1391 tecum
658 1348 856 1397 iucunda,
881 1349 1061 1389 Neaera:

99 1419 142 1453 at
165 1411 254 1453 sine
278 1419 319 1454 te
343 1427 491 1467 regum
515 1427 689 1453 munera
714 1411 829 1452 nulla
855 1411 961 1451 volo.

43 1488 68 1516 o
92 1474 271 1524 niveam,
297 1489 405 1528 quae
429 1483 469 1516 te
495 1474 645 1529 poterit
671 1474 772 1514 mihi
796 1473 983 1523 reddere,
1009 1472 1164 1515 lucem!

100 1552 125 1579 o
150 1537 251 1578 mihi
275 1537 441 1579 felicem
466 1545 612 1591 terque
637 1545 868 1591 quaterque
894 1535 1022 1578 diem!

44 1607 86 1642 at
110 1600 158 1650 si,
183 1614 258 1655 pro
283 1600 395 1642 dulci
419 1600 556 1642 reditu
581 1614 871 1654 quaecumque
897 1608 1115 1648 voventur,

100 1662 244 1704 audiat
268 1678 415 1704 aversa
439 1678 522 1704 non
546 1678 664 1705 meus
691 1677 790 1704 aure
815 1662 932 1709 deus,

45 1740 122 1768 nec
145 1740 211 1767 me
236 1740 368 1781 regna
392 1725 537 1767 iuvant
561 1740 638 1767 nec
663 1725 827 1780 Lydius
853 1724 1008 1766 aurifer
1034 1725 1166 1765 amnis

100 1803 178 1830 nec
201 1802 305 1842 quas
331 1796 535 1830 terrarum
561 1788 737 1830 sustinet
764 1788 874 1829 orbis
900 1802 1013 1842 opes.

43 1851 147 1894 haec
171 1851 242 1892 alii
267 1852 448 1906 cupiant,
474 1851 596 1893 liceat
621 1851 723 1891 mihi
749 1865 934 1906 paupere
960 1850 1074 1892 cultu

101 1928 248 1956 securo
273 1928 370 1955 cara
395 1914 573 1969 coniuge
599 1929 720 1969 posse
746 1913 841 1954 frui.

45 1977 155 2019 adsis
180 1984 221 2019 et
245 1976 400 2018 timidis
425 1977 584 2025 faveas,
611 1976 822 2025 Saturnia,
849 1976 970 2025 votis,

101 2048 142 2082 et
165 2039 308 2081 faveas
333 2039 504 2090 concha,
531 2038 703 2094 Cypria,
729 2048 849 2081 vecta
874 2047 959 2080 tua.

45 2110 116 2144 aut
140 2102 176 2144 si
199 2103 287 2144 fata
309 2111 465 2158 negant
488 2102 670 2144 reditum
696 2102 915 2155 tristesque
941 2116 1116 2150 sorores,

101 2165 278 2207 stamina
302 2180 409 2219 quae
434 2166 592 2207 ducunt
616 2180 808 2220 quaeque
833 2165 976 2206 futura
1000 2174 1143 2213 neunt,

46 2243 113 2270 me
136 2235 256 2270 vocet
279 2227 322 2269 in
346 2237 486 2270 vastos
511 2243 655 2270 amnes
681 2229 929 2283 nigramque
956 2228 1153 2283 paludem

103 2290 218 2333 dives
243 2290 286 2331 in
310 2289 463 2348 ignava
487 2291 648 2333 luridus
674 2289 814 2333 Orcus
840 2305 962 2345 aqua.

684 2525 762 2567 IV.

0 2578 2 2616 l
36 2599 107 2645 'Di
128 2602 301 2644 meliora
325 2602 473 2651 ferant,
500 2618 577 2644 nec
603 2604 684 2644 sint
709 2603 811 2644 mihi
837 2603 996 2644 somnia
1025 2618 1132 2653 vera,

104 2679 211 2723 quae
236 2665 327 2707 tulit
353 2664 547 2708 hesterna
572 2666 752 2722 pessima
776 2674 897 2709 nocte
922 2666 1053 2721 quies·

10 2760 81 2909 ἰ..

1341 123 1396 166 39

1423 532 1466 565 10

1424 847 1467 882 15

1425 1161 1469 1195 20

1425 1478 1469 1512 25

1424 2108 1468 2141 35
