1715 2844
276 114 333 156 20
890 124 1015 161 18.9

274 205 376 260 quid
401 212 576 262 prosunt
601 212 724 256 artes,
750 207 949 249 miserum
975 208 1009 249 si
1035 208 1192 263 spernit
1216 216 1425 253 amantem

332 276 372 310 et
396 269 505 324 fugit
530 284 582 310 ex
605 269 696 324 ipso
722 285 848 312 saeva
872 271 1014 326 puella
1039 271 1154 311 toro?

275 331 342 373 vel
368 346 463 373 eum
488 332 703 387 promittit,
730 333 867 374 subito
893 333 966 374 sed
991 334 1150 388 perfida
1174 334 1292 383 fallit,

331 403 392 436 est
418 395 520 435 mihi
544 409 628 436 nox
653 395 794 436 multis
821 395 1060 451 evigilanda
1083 397 1216 438 malis.

205 462 249 496 65
273 457 375 499 dum
400 457 502 499 mihi
527 466 747 499 venturam
772 458 901 514 fingo,
927 459 1223 514 quodcumque
1248 468 1453 510 movetur,

328 521 441 562 illius
468 521 593 562 eredo
618 530 718 562 tune
744 521 934 563 sonuisse
959 522 1114 577 pedes.'

272 583 449 625 desistas
474 583 705 634 lacrimare,
731 599 853 639 puer:
879 600 962 626 non
988 585 1197 640 frangitur
1222 586 1306 636 illa,

330 657 371 689 et
395 655 468 689 tua
497 648 581 689 iam
606 648 707 690 fletu
732 648 891 689 lumina
915 648 1026 690 fessa
1051 657 1225 691 tument.

272 710 464 760 oderunt,
490 710 665 760 Pholoe,
691 726 856 761 moneo,
882 711 1053 753 fastidia
1078 712 1176 761 divi,

203 781 248 816 70
327 788 405 815 nee
430 773 600 829 prodest
627 774 780 815 sanetis
805 782 900 815 tura
924 774 1089 816 dedisse
1114 775 1233 816 focis.

270 836 338 878 hie
362 836 585 878 Marathus
611 837 824 891 quondam
848 838 1020 878 miseros
1046 837 1220 879 ludebat
1245 847 1446 888 amantes,

326 899 493 941 nescius
518 900 696 941 ultorem
722 907 816 955 post
841 908 965 956 eaput
991 915 1082 942 esse
1108 900 1254 942 deum:

272 978 395 1017 saepe
422 962 548 1004 etiam
574 962 767 1004 lacrimas
793 962 927 1004 fertur
950 963 1090 1004 risisse
1116 963 1294 1005 dolentis

328 1034 369 1067 et
396 1025 597 1080 cupidum
622 1025 719 1067 fieta
745 1026 974 1068 detinuisse
998 1041 1133 1067 mora:

203 1096 246 1130 Τι’)
271 1104 383 1130 nune
409 1103 554 1130 omnes
581 1089 668 1129 odit
694 1089 840 1138 fastus,
865 1104 977 1130 nune
1003 1089 1194 1144 displicet
1219 1089 1278 1130 illi

327 1166 619 1206 quaecumque
644 1152 836 1207 opposita
862 1159 923 1193 est
947 1153 1073 1193 ianua
1099 1152 1203 1193 dura
1228 1167 1332 1194 sera.

271 1222 313 1255 at
337 1223 376 1256 te
402 1229 538 1270 poena
563 1222 717 1264 manet,
744 1215 787 1255 ni
813 1215 966 1256 desinis
993 1230 1084 1256 esse
1111 1214 1306 1269 superba.

327 1291 454 1331 quam
480 1277 623 1333 cupies
649 1277 756 1319 votis
782 1277 894 1320 hune
918 1293 1115 1320 revocare
1141 1276 1271 1319 diem!

839 1439 1065 1447 -————-

910 1569 994 1610 IX.

272 1655 388 1708 Quid
413 1654 529 1705 mihi,
554 1654 588 1696 si
612 1654 753 1696 fueras
778 1654 952 1696 miseros
978 1655 1166 1697 laesurus
1193 1671 1370 1707 amores,

327 1718 498 1759 foedera
523 1733 597 1774 per
622 1718 754 1767 divos,
782 1718 889 1759 elam
915 1718 1125 1769 violanda,
1151 1719 1307 1761 dabas?

271 1798 296 1823 a
320 1781 460 1831 miser,
487 1790 528 1823 et
553 1781 587 1822 si
612 1781 706 1835 quis
731 1781 865 1837 primo
891 1782 1074 1837 periuria
1098 1783 1219 1832 celat,

329 1860 421 1886 sera
446 1852 586 1886 tamen
612 1844 748 1886 tacitis
773 1859 910 1900 poena
935 1845 1047 1886 venit
1073 1845 1265 1900 pedibus.

224 1920 246 1954 5
270 1908 441 1963 parcite,
468 1908 687 1950 caelestes:
714 1922 895 1962 aequum
921 1916 983 1950 est
1008 1908 1178 1964 impune
1202 1909 1328 1952 licere

328 1971 502 2012 numina
526 1971 719 2013 formosis
744 1971 910 2013 laedere
935 1983 1074 2013 vestra
1099 1972 1240 2014 semel.

270 2035 388 2076 luera
413 2043 558 2090 petens
584 2035 714 2076 habili
739 2043 879 2076 tauros
907 2035 1097 2091 adiungit
1123 2044 1260 2077 aratro

327 2106 368 2140 et
393 2098 545 2139 (lurum
571 2106 706 2141 terrae
731 2099 910 2140 rusticus
935 2107 1057 2153 urget
1082 2113 1201 2154 opus,

271 2161 389 2203 luera
414 2162 615 2217 petituras
641 2162 748 2203 freta
773 2177 847 2217 per
871 2162 1061 2217 parentia
1085 2162 1219 2203 ventis

203 2229 246 2263 10
329 2225 489 2266 ducunt
514 2225 728 2266 instabiles
755 2225 891 2266 sidera
918 2232 1030 2266 certa
1056 2233 1183 2267 rates:

270 2288 517 2330 muneribus
543 2304 661 2330 meus
687 2296 749 2330 est
775 2296 921 2343 eaptus
947 2303 1064 2343 puer.
1115 2296 1156 2329 at
1182 2288 1285 2329 deus
1310 2288 1381 2331 illa

327 2351 370 2392 in
397 2351 578 2393 cinerem
604 2359 644 2393 et
669 2351 849 2406 liquidas
875 2366 1050 2391 munera
1075 2358 1208 2393 vertat
1234 2366 1378 2405 aquas.

270 2414 352 2456 iam
379 2414 480 2455 mihi
506 2414 715 2469 persolvet
740 2429 910 2469 poenas,
936 2414 1157 2468 pulvisque
1183 2414 1376 2456 decorem

328 2476 518 2519 detrahet
546 2485 585 2518 et
610 2477 743 2518 ventis
770 2477 937 2518 horrida
963 2477 1074 2517 faeta
1099 2491 1231 2526 coma,

202 2544 247 2578 15
271 2548 414 2582 uretur
439 2539 582 2590 facies,
608 2548 781 2581 urentur
806 2540 893 2581 sole
918 2539 1070 2594 capilli,

330 2603 489 2645 deteret
514 2603 720 2644 invalidos
747 2611 786 2645 et
811 2603 878 2644 via
904 2602 1032 2657 longa
1056 2601 1196 2656 pedes.

272 2666 469 2708 admonui
496 2666 686 2720 quotiens
725 2671 846 2708 ‘auro
872 2681 925 2708 ne
950 2665 1091 2721 pollue
1116 2665 1313 2707 formam:
